2307 3873
764 228 806 288 s
851 224 912 289 A:
949 224 1012 287 T
1056 223 1104 283 Y
1147 222 1209 283 R
1251 221 1309 281 A
1394 219 1505 283 V.·
1912 230 1995 295 4¹

234 406 440 487 Qale
473 401 746 463 coronati
778 397 1042 461 Thrasea
1073 390 1505 471 Helvidiusque
1543 389 1833 451 bibebant
1854 426 1875 463 ,

229 542 562 605 Brutorum
595 539 659 605 ὅ(
692 536 856 601 Cassl
889 536 1207 599 natalibus·
1298 530 1432 613 Ipse
1465 550 1708 612 capaces

229 680 561 743 Heliadum
599 676 813 738 crustas
835 714 859 748 ,
904 674 966 738 &
994 672 1354 753 inaequaleis
1391 669 1625 754 beryllo

228 818 422 883 Virro
449 831 623 880 tenet
656 813 922 895 phialasz
968 813 1084 876 tibi
1113 788 1261 875 non⁸
1287 810 1689 909 committitur
1717 829 1959 885 aurum3

234 955 363 1021 Vel
385 992 406 1026 ‚
450 954 494 1014 fi
522 954 754 1033 quando
786 954 999 1027 datur,
1046 951 1240 1012 custos
1269 948 1476 1012 affixus
1509 947 1764 1021 ibidem,

237 1093 370 1176 Qui
397 1064 672 1155 numeret
703 1111 991 1175 gemmaS,
1027 1087 1391 1175 ungueisque
1421 1086 1701 1149 observet
1736 1104 1961 1151 acutos·

232 1232 327 1291 Da
352 1233 628 1293 veniam:
674 1228 976 1307 praeclara
1010 1228 1112 1288 ille
1146 1229 1421 1288 laudatur
1455 1227 1658 1307 jaspis.
1732 1208 1739 1241 ²

233 1366 404 1426 Nam
433 1364 652 1432 Virro,
690 1378 757 1420 ut
791 1362 989 1431 multi,
1024 1370 1292 1444 gemmas
1322 1365 1394 1419 ad
1428 1363 1655 1439 pocula
1682 1361 1967 1424 transfert

244 1503 305 1562 A
339 1500 546 1583 digitis
568 1536 589 1570 ‚
637 1517 779 1579 quas
807 1498 870 1557 in
885 1499 1143 1582 ¹vaginae
1170 1496 1375 1559 fronte
1409 1496 1640 1558 solebat

233 1639 473 1701 Ponere
507 1634 810 1721 Zelotypo
841 1636 1078 1715 juvenis
1114 1638 1415 1719 praelatus
1450 1636 1737 1698 Hiarbae.

234 1777 340 1838 Tu
373 1756 784 1838 Beneventani
815 1776 1033 1838 sutoris
1065 1798 1292 1857 nomen
1326 1774 1652 1839 habentem

239 1915 503 1977 siccabis
541 1917 789 2004 calicem
824 1915 1101 1978 nasorum
1135 1932 1429 1996 quatuor,
1495 1939 1562 1978 ac
1593 1915 1717 1996 jam

239 2051 590 2136 Quaffatum
611 2094 631 2128 ‚
682 2054 743 2116 &
770 2073 953 2136 rupto
982 2056 1337 2137 poscentem
1370 2056 1592 2117 sulfura
1620 2060 1807 2132 vitro,

242 2194 305 2251 Si
334 2192 668 2256 stomachus
704 2196 958 2254 Domini
994 2193 1195 2255 fervet
1223 2195 1522 2275 vinoque,
1590 2163 1882 2279 ciboque:

241 2328 556 2411 Frigidior
595 2333 828 2391 Geticis
875 2333 1108 2408 petitur
1144 2332 1383 2390 decosta
1417 2336 1673 2410 pruinis,
1776 2333 1779 2342 ⁹

241 2462 390 2526 Non
426 2465 635 2525 eadem
673 2461 847 2524 vobis
879 2465 1030 2544 poni
1065 2463 1252 2520 modo
1285 2466 1425 2524 vina
1459 2467 1786 2546 querebar:

238 2603 371 2670 Vos
403 2603 578 2664 aliam
605 2603 833 2684 potatis
868 2622 1118 2683 aquam-2
1148 2600 1300 2662 Tibi
1331 2605 1549 2686 pocula
1585 2608 1788 2671 cursor

247 2742 532 2804 Gaetulus
565 2742 733 2803 dabit
756 2781 777 2816 ,
823 2721 924 2804 aut
955 2742 1116 2827 nigri
1148 2763 1359 2803 manus
1394 2741 1549 2806 offea
1581 2744 1810 2831 Mauri,

242 2879 323 2943 Et
359 2871 455 2943 cui
502 2903 615 2964 per
646 2882 907 2943 mediam
940 2882 1095 2960 nolis
1131 2903 1448 2945 occurrere
1494 2887 1726 2947 nostem
1750 2928 1770 2962 ‚

248 3017 511 3082 Clivosae
543 3020 781 3084 veheris
817 3021 960 3081 dum
992 3042 1107 3103 per
1130 3042 1520 3086 monumenta
1550 3026 1816 3091 Latinae.

247 3155 385 3217 Flos
415 3157 587 3221 Afiae
616 3176 752 3221 ante
786 3159 984 3242 ipsum
1024 3163 1237 3243 precio
1267 3157 1811 3246 majorepatatus,

252 3293 452 3378 Quam
488 3295 605 3362 fuit
635 3297 696 3363 δι
726 3298 893 3362 Tulli
931 3300 1136 3364 census
1165 3304 1483 3387 pugnacis,
1532 3303 1593 3369 &
1614 3303 1814 3371 Anci:

1067 3477 1070 3482 .
1184 3443 1232 3509 c
1276 3461 1312 3524 5
