2307 3873
302 268 657 357 ssjss=
774 254 1577 360 JUVENALls

297 449 499 530 Atque
519 472 691 513 mero
708 451 979 527 fervens,
1026 471 1205 515 cavet
1231 454 1417 530 hunc,
1438 447 1614 535 quem
1637 459 1881 522 coccina
1898 462 2064 526 laena

297 589 498 670 Vitari
531 589 746 668 jubet,
795 590 855 653 &
893 594 1186 667 comitum
1221 591 1592 678 longissimus
1627 564 1820 658 ordo:

295 726 558 792 Multum
598 746 914 813 praeterea
948 733 1321 792 flammarum
1344 769 1364 806 ‚
1413 730 1474 794 &
1505 753 1686 796 aenea
1702 726 1962 829 lampas.

294 863 444 941 Me,
491 889 669 949 quem
705 869 871 930 Luna
905 868 1058 931 solet
1090 871 1392 933 deducere
1413 909 1434 945 ‚
1479 874 1579 934 vel
1612 873 1798 937 breve
1816 876 2019 937 lumen
2086 920 2089 927 .

295 1003 630 1082 Candelae‚
677 1007 847 1086 cujus
885 1007 1159 1090 dispenso
1193 1008 1253 1071 &
1289 1027 1565 1092 tempero
1598 1012 1788 1087 filum,

290 1120 666 1209 Contemnit-
712 1144 969 1231 Miserae
1003 1140 1311 1234 cognosce¹
1328 1151 1650 1232 prooemia
1682 1152 1886 1225 rixae,

286 1287 356 1348 Si
387 1286 519 1347 rixa
556 1285 674 1360 est,
721 1284 825 1346 ubi
855 1302 920 1347 tu
949 1285 1143 1377 pulsas
1168 1324 1188 1361 ‚
1232 1308 1349 1373 ego
1385 1288 1611 1371 vapulo
1658 1303 1914 1350 tantum.

288 1427 425 1488 Stat
458 1439 707 1499 contra,
754 1425 1010 1504 starique
1041 1411 1251 1501 jubet3
1296 1446 1511 1507 parere
1543 1420 1775 1487 neceffe
1807 1427 1909 1486 est.

282 1563 445 1623 Nam
483 1565 626 1643 quid
662 1581 1017 1646 agas:·cum
1056 1577 1117 1622 te
1146 1559 1406 1622 furiosus
1443 1579 1662 1646 cogat,
1710 1560 1772 1623 &
1804 1563 1972 1625 idem

285 1699 573 1761 Fortior?
620 1701 780 1791 unde
816 1700 987 1783 venis
1005 1702 1041 1774 ,’
1075 1698 1411 1760 exclamat?
1458 1692 1625 1777 cujus
1657 1715 1854 1774 aceto,

287 1838 471 1918 Cujus
509 1836 743 1900 conche
777 1844 1015 1900 tumes?
1061 1838 1193 1918 quis
1225 1826 1431 1898 tecum
1455 1835 1648 1898 sefflle
1680 1857 1932 1920 porrum

287 1982 509 2053 Sutor,
558 1978 620 2042 &
653 1979 797 2040 elixi
833 1978 1104 2039 vervecis
1136 1976 1302 2038 labra
1338 1978 1644 2039 comedit?

284 2117 397 2179 Nil
429 2117 585 2182 mihi
616 2117 988 2200 respondes?
1035 2132 1138 2176 aut
1173 2117 1307 2196 dic,
1354 2133 1457 2177 aut
1492 2117 1698 2198 accipe
1733 2118 1990 2180 calcem:

281 2253 415 2319 Ede
438 2294 458 2330 ,
504 2255 610 2316 ubi
644 2254 957 2328 eonfistas,
1002 2255 1069 2315 in
1097 2275 1215 2336 qua
1247 2272 1309 2317 te
1342 2265 1562 2339 quaero
1595 2253 1969 2338 proseucha?

282 2397 507 2479 Dicere
535 2393 577 2453 s1
612 2410 809 2480 tentes
847 2394 1069 2474 aliquid
1092 2431 1112 2468 ,
1160 2392 1448 2457 tacitusve
1484 2396 1757 2470 recedas,
1844 2431 1847 2436 ·

282 2532 829 2595 Tantundemest:
877 2530 1107 2592 feriunt
1136 2533 1404 2612 pariter:
1450 2508 1797 2594 vadimonia
1831 2536 2052 2598 deinde

284 2670 437 2732 Irati
475 2668 728 2731 faciunt.
813 2670 1088 2772 Libertas
1117 2670 1404 2750 pauperis
1436 2667 1585 2729 haec
1622 2670 1743 2729 est:
1856 2631 1862 2638 .

284 2807 556 2870 Pulsatus
590 2825 806 2893 rogat,
854 2807 915 2870 &
944 2808 1169 2892 pugnis
1202 2806 1472 2867 concisus
1506 2808 1757 2881 adorat,

287 2948 374 3009 Ut
405 2949 585 3010 liceat
615 2949 824 3030 paucis
859 2969 995 3007 curn
1034 2944 1317 3007 dentibus
1346 2946 1486 3006 inde
1517 2945 1767 3007 reverti.

283 3129 286 3134 »
365 3065 504 3144 Nec
520 3102 722 3152 tamen
743 3085 892 3147 haec
912 3102 1143 3168 tantum
1163 3102 1415 3146 metuas:
1437 3083 1711 3164 nam5qui
1732 3083 1946 3168 spoliet
1966 3101 2050 3161 te,
2146 3077 2151 3082 “

283 3221 430 3283 Non
466 3225 685 3298 deerit,
723 3223 922 3285 clausis
956 3196 1238 3284 domibus
1253 3222 1566 3307 postquam
1598 3226 1794 3285 omnis
1828 3224 2050 3305 ubique

286 3359 440 3428 Fixa
476 3378 782 3426 catenatae
822 3363 980 3425 filuit
1010 3385 1306 3450 compago
1349 3362 1654 3427 tabernae.
