2307 3873
630 272 1433 372 ἱκεΑΤῩΚΑῐ.
1751 286 1983 364 =1ffl

223 445 410 511 Nune
441 448 682 508 demum
715 466 971 508 numero
1009 451 1220 523 fluere,
1268 466 1334 510 ut
1363 468 1476 529 per
1494 448 1664 511 laeve
1697 450 1938 514 severos

222 577 514 646 Effundat
543 582 814 661 junstura
844 604 1092 669 ungues.
1140 582 1269 647 Scit
1305 588 1554 648 tendere
1571 587 1812 654 versum

219 721 366 783 Non
400 721 600 793 secus,
647 742 715 781 ac
750 720 791 780 fi
829 722 1008 782 oculo
1040 721 1345 785 rubricam
1383 725 1606 809 dirigat
1631 747 1792 787 uno:

212 860 361 920 Sive
398 878 550 939 opus
581 859 642 924 in
670 879 895 931 mores,
940 861 1003 920 in
1036 862 1270 937 luxum,
1314 864 1377 922 in
1411 864 1663 945 prandia
1697 886 1935 950 regum,

217 995 439 1057 Dicere
473 1016 568 1057 res
602 998 855 1080 grandes
891 999 1094 1076 nostro
1128 1001 1230 1061 dat
1275 998 1445 1062 Musa
1491 1020 1733 1083 poetae.

301 1132 459 1210 Ecce
491 1135 675 1194 modo
707 1133 922 1196 heroas
958 1135 1153 1197 sensus
1186 1135 1406 1200 afferre
1436 1141 1723 1201 docemus

218 1269 453 1354 Nugari
490 1269 697 1331 solitos
739 1273 1006 1344 Graece,
1050 1296 1166 1336 nec
1192 1296 1423 1357 ponere
1455 1278 1655 1338 lucum

213 1401 522 1481 Artifices,⁸
569 1429 681 1468 nec
706 1429 804 1468 rus
841 1408 1099 1471 saturum
1128 1412 1410 1489 laudare,
1457 1414 1561 1475 ubi
1593 1414 1846 1493 corbes,

209 1543 292 1607 Et
322 1539 530 1619 focus,
577 1544 640 1609 &
668 1548 880 1629 porci,
929 1548 990 1611 &
1018 1547 1252 1611 fumosa
1286 1549 1495 1618 Palilia
1528 1553 1755 1616 foeno:

206 1682 391 1763 Unde
418 1685 674 1757 Remus,
718 1685 994 1767 sulcoque
1031 1693 1230 1751 terens
1267 1691 1549 1767 dentalia,
1595 1693 1846 1775 Qinti‚

209 1819 423 1903 Quum
456 1825 691 1905 trepida
729 1842 864 1886 ante
904 1825 1096 1888 boves
1132 1814 1505 1892 Diuatore'm'
1534 1832 1732 1922 induit
1776 1851 1971 1894 uxor:

206 1955 291 2020 Et
325 1976 423 2018 tua
458 1977 649 2021 aratra
684 1963 933 2023 domurn
959 1966 1135 2027 1ὶᾶοι
1169 1969 1328 2030 tulit.
1391 1968 1562 2054 Euge
1594 1990 1800 2052 poeta.

206 2090 311 2157 Est
344 2117 505 2159 nunc
536 2095 764 2158 Brisaei
792 2118 968 2178 quern
1002 2101 1257 2163 venosus
1283 2104 1439 2165 liber
1473 2107 1644 2180 Acci,

203 2230 361 2294 Sunt
390 2255 540 2316 quos
576 2235 1022 2317 Pacuviusque,
1071 2239 1132 2302 &
1169 2242 1488 2304 verrucosa
1524 2262 1799 2307 moretur
1842 2319 1845 2323 ,

202 2367 477 2450 Antiopa
501 2408 520 2442 ‚
580 2377 880 2433 aerumnis
914 2395 1021 2433 cor
1052 2374 1431 2439 lustificabile
1468 2379 1640 2444 fulta.

200 2504 333 2566 Hos
365 2508 570 2586 pueris
608 2511 877 2571 monitus
909 2530 1111 2593 patres
1144 2512 1464 2578 infundere
1498 2520 1705 2601 lippos

198 2641 353 2705 Cum
384 2634 616 2718 videas,
635 2647 966 2726 quaerisne,
996 2634 1155 2712 und-e
1184 2651 1336 2715 haec
1367 2650 1602 2741 sai-tago
1629 2659 1921 2739 loquendi

200 2779 460 2846 Venerit
491 2785 555 2844 in
587 2784 857 2869 linguas?
904 2790 1059 2848 unde
1092 2790 1244 2851 istud
1281 2793 1539 2855 dedecus
1561 2833 1583 2869 ,
1638 2798 1702 2856 in
1739 2819 1860 2879 quo

199 2916 509 2982 Troffulus
544 2924 773 2984 exultat
805 2925 918 2985 tibi
949 2926 1063 3007 per
1096 2927 1369 2991 subsellia
1404 2933 1633 2997 laevis?

196 3053 380 3117 Nilne
410 3060 639 3139 pudet,
686 3064 872 3144 capiti
908 3086 1030 3124 non
1061 3065 1225 3146 posse
1260 3072 1525 3149 pericula
1564 3094 1714 3136 cano

194 3192 451 3266 Pellem,
497 3197 637 3273 quin
675 3201 945 3278 tepidum
978 3200 1099 3262 hoc
1136 3222 1310 3286 optes
1341 3210 1589 3271 audire?
1644 3212 1960 3284 decenter!

280 3327 330 3393 F
336 3350 406 3393 ur
442 3351 545 3408 es,
590 3333 675 3397 ait
707 3334 922 3413 Pedio.
966 3339 1185 3406 Pedius
1218 3346 1404 3427 quid?
1450 3350 1871 3437 criminairasts
