2307 3873
595 268 1225 338 'sATYRA
1309 278 1390 343 V.
1804 291 1925 353 203

174 445 404 504 Secreti
440 444 777 523 loquimur:
826 447 938 506 tibi
975 471 1132 511 nunc
1162 447 1442 509 hortante
1478 444 1729 509 Camena

174 579 558 688 Excutienda·
579 582 784 642 damus
812 588 1164 663 praecordia
1183 608 1202 659 3
1249 604 1579 666 quantaque
1608 587 1839 665 nostra·

174 718 314 777 Pars
348 736 447 779 tua
483 719 553 778 fit
591 718 888 782 Cornutae
918 725 1145 784 animae
1170 762 1189 796 ,
1239 722 1349 785 tibi
1388 726 1572 793 dulcis
1609 725 1795 786 amice

174 851 504 915 ostendisse
538 854 734 931 juvat:
781 857 985 937 pulsa,
1034 861 1383 944 dignoscere
1410 881 1612 925 cautus

174 980 345 1074 Quid
380 992 906 1076 solidum‘crepet,
956 994 1016 1057 &
1040 998 1232 1077 pistae
1265 1001 1509 1061 te&oria
1545 1001 1803 1084 linguae.

168 1128 281 1190 His
313 1148 424 1217 ego
471 1112 745 1192 centenas
783 1133 959 1191 ausim
998 1134 1318 1215 deposcere
1351 1158 1567 1199 voces:

175 1264 260 1324 Ut
297 1285 578 1344 quantum
615 1268 767 1330 mihi
802 1287 861 1331 te
898 1272 1127 1332 sinuoso
1168 1274 1228 1334 in
1264 1278 1505 1355 pestore
1538 1276 1681 1346 fixi,

167 1399 340 1467 Voce
377 1401 606 1464 traham
633 1426 816 1487 purat
879 1424 1190 1488 totumque
1222 1409 1343 1471 hoc
1376 1411 1562 1473 verba
1598 1411 1920 1495 resignent,

169 1538 356 1620 Quod
394 1539 541 1601 latet
572 1561 779 1603 arcana
816 1569 938 1605 non
972 1547 1304 1625 enarrabile
1336 1547 1507 1608 fibra.
1659 1508 1674 1529 λ
1828 1528 1834 1534 ’

167 1672 317 1737 Cum
355 1679 622 1758 primum
654 1684 877 1761 pavido
917 1684 1120 1746 custos'
1142 1684 1291 1746 mihi
1326 1707 1592 1768 purpura
1626 1685 1808 1761 cessit,

162 1809 448 1894 Bullaque
484 1792 1046 1889 succinstislaribus
1085 1827 1302 1885 donata
1326 1806 1659 1906 pependit:

162 1949 310 2010 Cum
338 1949 539 2011 blandi
570 1959 816 2017 comites
836 1997 855 2031 ,
901 1978 1142 2042 totaque
1179 1966 1428 2045 impune
1460 1967 1745 2039 S-uburra'

161 2077 440 2148 Perr'nifit
471 2089 726 2171 sparsisse
759 2095 964 2153 oculos
998 2096 1120 2171 jam
1155 2102 1439 2158 candidus
1474 2101 1696 2160 umbo:

162 2220 424 2302 Cumque
456 2228 573 2288 iter
600 2227 945 2313 ambiguum
972 2234 1088 2306 est,
1136 2233 1197 2296 &
1225 2239 1388 2298 vitae
1422 2237 1646 2297 nescius
1684 2259 1856 2301 error
1890 2239 1894 2246 ⁴

158 2360 411 2422 Diducit
447 2367 709 2444 trepidas
741 2368 970 2428 ramosa
1004 2370 1066 2427 in
1101 2375 1368 2452 compita
1402 2362 1671 2448 mentes,

158 2495 268 2558 Me
295 2498 410 2561 tibi
442 2498 762 2582 supposui:
812 2521 1052 2566 teneros
1090 2523 1155 2567 tu
1191 2507 1437 2610 suscipis
1471 2531 1655 2571 annos

155 2633 494 2713 Socratico,
528 2638 816 2714 cornute,
870 2644 1028 2705 smuz
1075 2664 1218 2706 tunc
1237 2647 1451 2708 fallere
1482 2649 1687 2711 sollers

152 2753 444 2854 Appofita
477 2778 736 2840 intortos
772 2785 1044 2845 extendit
1077 2764 1280 2870 regula
1322 2806 1557 2846 mores:

150 2904 236 2968 Et
266 2915 561 2988 premitur
592 2909 827 2981 retione
859 2907 1084 2981 enimus
1106 2960 1126 2995 3
1173 2926 1450 3003 vincique
1486 2925 1740 3001 laborat,

150 3039 583 3129 Artificemque
612 3072 718 3117 tuo
753 3058 915 3118 ducit
943 3059 1047 3118 sub
1085 3062 1308 3140 pollice
1355 3065 1612 3125 vultum.

151 3176 391 3243 Tecum
428 3192 651 3251 etenim
684 3194 899 3278 longos
930 3200 1182 3260 memini
1212 3200 1561 3282 consumere
1587 3201 1738 3265 soles
1758 3242 1776 3277 ‚

144 3312 234 3382 Et
264 3334 460 3404 tecum
485 3329 710 3412 primas
745 3334 933 3420 epulis
961 3336 1286 3425 decerpere
1319 3342 1542 3405 nostes.

1149 3455 1160 3478 ι
