2307 3873
633 188 1454 287 ¹SATYRAm.
1900 234 1979 298 ας

218 404 525 470 Festorum
555 396 818 467 herboso
852 398 1068 459 colitur
1099 396 1140 456 fi
1173 395 1411 475 quando
1449 392 1687 463 theatro

222 541 539 629 Maiestate,
585 538 943 615 tandemque
977 536 1141 596 redit
1171 536 1243 596 ad
1272 535 1508 616 pulpita
1543 554 1754 603 notum
1802 566 1811 571 ⁴

223 680 569 750 Exodium‚
616 698 751 737 cum
784 672 1079 756 personae
1106 673 1392 755 pallentis,
1431 672 1664 735 hiatum

225 820 296 882 In
330 816 566 903 gremio
603 816 807 876 matris
839 811 1135 905 formidat
1164 812 1416 872 rusticus
1450 811 1671 874 infans.

229 954 547 1035 Aequaleis
573 953 820 1015 habitus
850 950 1010 1025 illic,
1056 949 1412 1031 ssmileisque
1442 950 1681 1013 videbis

235 1093 612 1155 orchestram
632 1113 676 1168 ‚·
703 1091 765 1154 &
794 1091 1092 1173 populum
1112 1110 1133 1179 3δ
1178 1091 1324 1152 clari
1357 1091 1635 1152 velamen
1659 1087 1935 1169 honoris,

232 1230 545 1293 Sufficiunt
574 1232 815 1290 tunicae
849 1228 1093 1289 summis
1130 1230 1424 1291 aedilibus
1469 1228 1656 1290 albae.

232 1371 397 1430 Heic
429 1368 586 1425 ultra
619 1366 799 1424 vireis
830 1364 1074 1457 habitus
1108 1365 1309 1427 nitor:
1354 1363 1494 1422 heic
1525 1366 1748 1442 aliquid
1779 1368 1915 1446 plus
1934 1401 1957 1440 ‚

236 1508 446 1589 Quam
480 1494 623 1563 satia
661 1501 779 1576 est,
826 1501 1134 1563 interdum
1165 1465 1355 1561 aliena¹
1388 1498 1646 1563 sumitur
1677 1523 1834 1564 arca.

237 1644 574 1708 Commune
612 1641 673 1700 id
701 1641 921 1702 vitium
949 1641 1051 1702 est.
1098 1641 1270 1701 HEIC
1303 1641 1563 1703 vivimus
1593 1640 1906 1704 ambitiosa

236 1783 599 1863 Paupertate
635 1801 869 1842 omnes·
916 1780 1088 1863 Quid
1122 1796 1185 1842 te
1220 1787 1471 1881 moror?
1533 1792 1753 1841 oMNxA
1770 1783 2007 1845 Romae

137 1977 143 1990 ,
232 1919 393 1983 Cum
404 1900 650 2001 pretio(
679 1918 854 2001 Qid
874 1919 1000 1994 dar,
1036 1930 1103 1981 ut
1119 1918 1355 1983 Coffum
1375 1921 1693 2003 aliquando
1715 1920 1930 1984 salutes
1947 1930 1995 1985 δ’

242 2062 335 2120 Ut
366 2074 427 2120 te
464 2057 745 2139 respiciat
781 2057 977 2119 clauso
1025 2035 1588 2136 Vejentolabello?

243 2198 353 2261 Ille
387 2177 567 2260 metit
598 2197 882 2272 barbam,
929 2200 1162 2259 crinem
1192 2196 1294 2259 hic
1325 2199 1581 2281 deponit
1609 2199 1815 2296 amati.
1840 2223 1845 2230 ·

240 2337 431 2397 Plena
462 2337 675 2395 domus
705 2334 845 2394 libis
882 2336 1258 2416 genialibus:
1305 2339 1507 2416 accipe
1531 2374 1550 2406 ‚
1599 2336 1663 2397 &
1697 2338 1851 2396 istud

169 2475 196 2490 ⁸
243 2474 646 2538 Fermentum
681 2467 796 2528 tibi
824 2466 982 2528 habe
1004 2471 1040 2527 θ’
1064 2467 1366 2548 praestare
1398 2470 1625 2530 tributa
1656 2471 1903 2533 clientes

252 2612 580 2697 Cogimur,
628 2606 690 2676 ,δε
724 2606 895 2666 cultis
927 2623 1149 2693 augere
1183 2608 1420 2689 peculia
1456 2607 1666 2672 servis.

254 2753 411 2834 Qis
449 2751 650 2820 timet,
695 2766 797 2807 aut
832 2747 1035 2808 timuit
1069 2721 1267 2832 gelida
1282 2747 1596 2811 Praeneste
1631 2753 1891 2826 ruinam,

252 2889 382 2953 Aut
414 2851 620 2970 potitis
653 2885 975 2970 nemorosa
1004 2888 1167 2948 inter
1190 2886 1333 2972 juga
1362 2888 1691 2965 Volsmiis,
1737 2909 1839 2953 aut

252 3028 652 3120 simplicibus
694 3026 945 3102 Gabeis‚
990 3044 1092 3087 aut
1124 3029 1318 3108 proni
1342 2995 1598 3089 Tiburis
1636 3039 1813 3091 arce?

257 3164 396 3228 Nos
428 3163 638 3226 urbem
671 3167 924 3226 colimus
960 3168 1130 3227 tenui
1163 3164 1413 3228 tibicine
1447 3167 1664 3230 fultam
1694 3183 1705 3196 ·

257 3302 488 3385 Magna
515 3321 690 3386 parte
721 3269 827 3366 sui.
914 3303 1075 3367 Nam
1105 3305 1183 3363 fic
1215 3303 1562 3369 labentibus
1599 3310 1790 3376 obstat

1082 3453 1133 3516 Β
1198 3469 1235 3533 5
