2307 3873
284 158 515 284 4ο -
761 189 1568 280 JUVENALls

209 390 246 457 J
286 372 369 436 Et
389 411 410 447 ,
435 346 726 452 'quamvis
758 395 985 446 rarum,
1005 390 1209 435 tamen
1243 374 1524 454 imputat.
1574 368 1738 455 Ergo
1761 373 1910 432 duos
1928 368 2061 461 post

290 511 355 571 si
385 510 569 573 libuit
599 511 851 577 menseis
887 512 1222 602 neglectum
1258 510 1548 572 adhibere
1586 511 1892 583 clientem,

288 648 506 712 Tertia
537 671 612 711 ne
638 670 827 712 vacuo
866 645 1111 710 ceffaret
1142 651 1357 712 culcita
1383 649 1569 711 leoco:

289 788 428 849 Una
456 787 670 861 fimm,
715 787 819 848 ait·
866 786 1178 852 Votorum
1213 787 1478 850 summa:
1539 789 1683 868 quid
1712 788 1864 848 ultra

241 1012 248 1015 ι
289 926 595 1011 Quaeris?
669 925 857 988 habet
900 924 1206 1001 Trebius,
1269 943 1527 1010 propter
1579 927 1740 1004 quod
1775 944 2060 1006 rumpere

579 1038 582 1039 ⁷
1369 1036 1643 1098 somnum
1746 1088 1752 1095 .

287 1173 565 1248 Debeat‚
614 1173 676 1238 &
708 1175 919 1259 ligulas
954 1175 1301 1250 dimittere,
1343 1166 1669 1265 sollicitus,
1715 1196 1792 1235 ne

289 1311 458 1376 Tota
482 1313 792 1376 salutatrix
823 1313 949 1393 jam
965 1313 1161 1376 turba
1210 1318 1518 1400 peregerit
1554 1312 1767 1375 orbem

286 1451 599 1514 Sideribus
634 1451 874 1522 dubiis,
920 1468 1023 1512 aut
1058 1452 1163 1512 illo
1197 1468 1514 1532 tempore„
1561 1471 1677 1527 quo
1712 1448 1771 1519 se

285 1587 537 1673 Frigida
573 1561 989 1671 circumagunt
1019 1585 1442 1671 pigriserraca
1470 1585 1721 1648 Bootae.
1794 1580 1795 1583 ’
1846 1648 1851 1655 ,

289 1724 508 1807 Qualis
543 1747 731 1786 coena
764 1733 1008 1788 tamen?
1052 1727 1299 1796 vinum,
1345 1725 1507 1803 quod
1541 1722 1777 1783 succida
1798 1724 1981 1787 'nolit
2030 1794 2039 1801 ‚

284 1863 446 1924 Lana
483 1865 651 1944 pati:
698 1865 772 1923 de
802 1857 1056 1955 'conviva
1089 1859 1435 1946 Corybanta
1468 1861 1722 1924 videbis·

289 2002 499 2088 Jurgia
529 2002 865 2086 proludunt
882 2005 902 2062 τ’
944 2002 1044 2062 sed
1080 2021 1228 2076 mox
1262 2000 1323 2064 &
1349 2002 1568 2084 pocula
1600 1963 1844 2083 torques

287 2142 533 2203 Saucius
555 2180 576 2215 ‚
623 2138 685 2203 &
714 2139 898 2201 rubra
933 2139 1208 2225 deterges
1232 2140 1478 2202 vulnera
1509 2160 1750 2222 mappa.

289 2277 461 2340 Inter
494 2301 604 2341 vos
641 2281 877 2358 quoties
900 2318 921 2352 ,
965 2278 1447 2358 libertorumque
1499 2276 1817 2378 cohortem

280 2417 494 2503 Pugna
526 2419 854 2503 Saguntina
880 2416 1078 2481 fervet
1114 2413 1421 2478 commissa
1446 2416 1695 2501 lagena:

289 2554 424 2635 lpse
459 2556 739 2636 capillato
771 2554 1051 2617 diffusum
1084 2554 1322 2616 consule
1357 2572 1568 2638 potat,

285 2653 705 2773 Calcatamque
741 2711 909 2756 tenet
941 2693 1113 2756 bellis
1149 2693 1469 2755 socialibus
1501 2713 1676 2755 uvam
1698 2731 1722 2765 ,

292 2828 586 2894 Cardiaco
624 2854 930 2914 nunquam
976 2831 1264 2916 cyathum
1294 2830 1568 2896 missurus
1600 2832 1816 2892 amico.

292 2969 433 3052 Cras
467 2971 643 3035 bibet
669 2970 923 3033 Albanis
960 2973 1185 3053 aliquid
1218 2973 1293 3033 de
1320 2971 1631 3033 montibus
1654 3007 1674 3042 ,
1720 2984 1822 3031 aut
1853 2970 1929 3031 de

290 3110 515 3170 Setinis
537 3146 558 3182 2
605 3109 774 3188 cujus
806 3112 1065 3193 patriam
1088 3149 1108 3182 2
1167 3113 1526 3190 titulumque
1556 3107 1817 3174 senestus

290 3246 536 3336 Delevit
568 3248 755 3312 multa
787 3251 1008 3313 veteris
1042 3249 1299 3337 fuligine
1333 3249 1551 3314 testae:
