2307 3873
668 191 1552 290 sA‘rY'RARUM.
1867 242 2008 305 223·

772 398 1270 480 SATYRA
1387 403 1442 482 I'.

269 572 475 629 Prima
514 565 680 628 docet
719 566 976 644 Satyrae
1020 565 1290 656 cauffagn,
1327 563 1706 643 formamque
1740 567 1943 626 libelli.
1988 577 1991 586 ’

394 741 607 799 SYNo
629 751 709 796 ΡΒ
733 751 822 796 18.
948 734 1229 830 Offensus
1285 736 1592 816 Juvenalis
1646 737 1992 819 importuna
2051 781 2057 801 .

221 877 745 957 scripturientium
776 875 1132 934 recitatione
1163 876 1468 956 poeticam
1519 873 1712 966 facete
1741 877 1994 956 profite—

229 1031 368 1089 tur,
417 1036 489 1073 eo
524 1011 748 1073 scilicet
778 1050 797 1085 ,
863 1030 927 1089 uxt
953 1032 1063 1093 par
1117 991 1252 1093 pari
1301 1011 1564 1083 referat;
1624 1014 1848 1093 quippe
1899 1017 1993 1091 qui

228 1129 524 1215 bonarum
552 1152 769 1212 artium
803 1152 970 1210 omni
1007 1149 1376 1231 supellef'tile
1405 1149 1543 1211 satis
1583 1149 1877 1235 superque
1906 1154 1997 1212 in·-

228 1289 471 1350 strustus
492 1288 511 1347 ε’
554 1307 764 1348 verum
802 1290 1056 1348 caeteris
1090 1286 1345 1348 Poe'seos
1367 1269 1690 1372 generibus
1724 1292 2000 1373 Satyram

228 1424 534 1498 antefert,
581 1426 743 1503 quod
795 1427 1146 1504 neutiquam
1190 1426 1485 1486 vitiorum
1539 1424 1736 1503 major
1785 1430 1999 1509 copia,

110 1561 127 1571 '
227 1586 375 1646 quae
393 1585 574 1637 nunc,
610 1564 672 1622 in
706 1564 1031 1645 praecipiti
1049 1564 1231 1639 stetit,
1279 1566 1489 1644 cuique
1506 1561 1660 1623 nihil
1691 1564 1795 1638 est,
1844 1568 2002 1645 quod

230 1703 453 1763 addant
492 1701 753 1783 posteri,
830 1702 1075 1762 unicum
1140 1721 1305 1763 certe
1374 1700 1437 1764 ἃ
1482 1721 1696 1763 verum
1750 1705 2002 1788 Satyrae
2087 1725 2102 1744 ⁸

230 1837 606 1918 ὑποκάμενον
644 1845 824 1918 γένος,
870 1861 989 1919 quo
1010 1841 1118 1901 fibi
1149 1838 1467 1922 proposito
1486 1837 1590 1901 vix
1607 1842 1715 1916 est,
1761 1860 1828 1903 ut
1848 1845 2004 1923 quis-

234 1998 408 2059 quam
440 1942 638 2036 erret:
686 1997 825 2037 nam
856 1978 896 2036 fi
934 1995 1145 2040 natura
1189 1994 1408 2062 negat,
1471 1977 1621 2039 facit
1664 1976 2004 2063 indignatio

229 2114 492 2179 versum.
583 2104 816 2176 Verum
847 2111 982 2191 quia
1013 2111 1304 2176 noncsme
1351 2112 1626 2196 periculo
1648 2145 1670 2187 ,
1732 2132 1799 2175 ut
1835 2116 2006 2188 olim,

234 2254 570 2316 viventium
606 2247 831 2311 scabies
854 2244 1161 2331 scalpitur,
1189 2226 1366 2311 'solos
1400 2249 1527 2312 fato
1557 2248 1791 2313 suafios
1816 2289 1835 2327 ,
1881 2250 2003 2330 jam

236 2391 475 2471 jamque
504 2385 868 2469 compositos
891 2421 911 2461 ,
958 2404 1024 2447 ut
1058 2384 1157 2466 qui
1187 2406 1314 2447 non
1354 2388 1713 2465 mordeant,
1760 2405 2010 2477 tangere

236 2528 432 2604 vello,
479 2543 646 2588 caute
681 2523 742 2589 &
770 2524 980 2591 callide
1012 2525 1357 2587 confitetur.

777 2716 1249 2835 SATYRA
1365 2718 1472 2800 IL

383 2868 680 2962 Arguitur
721 2882 946 2960 Satyra
967 2883 1245 2973 probitas
1259 2876 1555 2959 ‚fimulata
1575 2876 1859 2959 secunda.

411 3019 450 3077 S
467 3032 505 3078 Y
519 3033 565 3078 N
580 3035 618 3078 o
635 3032 668 3081 Ρ
690 3033 716 3078 S
734 3034 758 3078 1
778 3033 827 3078 S.
916 3015 1429 3099 Philosophorum
1455 3016 1814 3099 ‚hypocrism
1831 3006 2014 3076 lacess·

243 3155 352 3228 sit,
401 3153 502 3235 qui
532 3176 656 3215 non
688 3157 1024 3237 proficere,
1070 3153 1174 3217 sed
1211 3154 1479 3236 conspici
1524 3152 1838 3236 cupientes
1861 3189 1881 3227 ,
1946 3153 2017 3212 fi-

242 3293 474 3355 mulant
496 3290 730 3370 Curios,
780 3294 838 3358 &
860 3292 1246 3357 Bacchanalia
1283 3295 1499 3360 vivunt
1518 3312 1536 3366 3
1582 3312 1700 3353 nec:¹
1721 3308 2014 3375 propter-
