2307 3873
739 285 1298 349 SATYRA·
1369 286 1541 349 xm.
1907 304 2030 375 14¹2
2157 296 2162 299 “

128 506 129 509 ¹
239 462 326 527 Et
356 463 456 543 qui
486 481 599 522 nec
633 457 896 543 Cynicos
917 498 939 533 ,
984 482 1099 522 nec
1135 460 1337 522 Stoica
1374 461 1657 544 dogmata
1687 459 1839 546 legit

237 582 296 664 A
332 601 571 686 Cynicis
607 600 803 667 tunica
836 598 1150 672 distantia,
1196 619 1321 659 non
1352 595 1687 680 Epicurum
1773 671 1780 678 ,

238 740 505 822 Suspicit
565 736 773 820 exigui
807 736 1032 798 laetum
1064 714 1443 817 plantaribus
1473 731 1703 800 horti..

238 875 539 940 curentur
576 873 744 936 dubii
780 874 1032 934 medicis
1067 846 1403 953 majoribus
1442 875 1606 963 aegri
1620 897 1639 951 ς

237 1013 340 1075 Tu
374 1032 591 1075 venam
624 1013 724 1076 vel
761 1012 1069 1095 discipulo·
1092 1014 1409 1076 committe
1440 1011 1741 1099 Philippi.

240 1154 305 1213 Si
342 1152 568 1213 nullum
605 1152 669 1210 in
701 1150 878 1212 terris
910 1166 1033 1212 tam
1068 1150 1420 1214 detestabile
1455 1146 1674 1216 saftum

241 1287 560 1361 Ostendis,
606 1303 814 1361 taceo,
860 1308 974 1348 nec
1009 1288 1228 1371 pugnis
1264 1291 1513 1353 caedere
1544 1291 1751 1374 peflus

240 1425 337 1487 Te
374 1444 558 1500 veto,
603 1440 716 1485 nec
752 1425 929 1507 plana
960 1422 1176 1485 faciem
1215 1429 1587 1488 contundere
1615 1428 1854 1510 palma:

245 1564 761 1647 Quandoquidem
787 1581 1039 1645 accepto
1077 1562 1508 1627 claudendaest
1523 1562 1701 1644 janua
1721 1568 1968 1661 damac,

244 1698 329 1764 Et
356 1701 585 1780 majore
618 1702 833 1762 domus
867 1699 1142 1786 gemitu,
1189 1699 1421 1780 majore
1456 1705 1721 1766 tumultu

243 1838 617 1924 Planguntur
651 1840 907 1912 nummi,
955 1860 1135 1920 quam
1167 1837 1403 1903 funera.
1454 1843 1662 1905 Nemo
1694 1843 1973 1908 dolorem

170 2063 180 2071 ‚
249 1975 462 2061 Fingit
499 1977 562 2036 in
594 1975 715 2038 hoc
746 1975 878 2039 casu
900 2016 921 2054 ‚
966 1954 1517 2044 vestem'diducere
1554 1980 1849 2045 summam

247 2112 584 2175 Contentus
606 2151 627 2189 ‚
673 2137 893 2179 vexare
932 2115 1138 2178 oculos
1175 2115 1442 2180 humore
1465 2120 1694 2181 coasto.

248 2250 532 2313 Ploratur
563 2252 824 2313 lacrimis
862 2250 1064 2314 amiffa
1092 2259 1351 2335 pecunia
1381 2259 1565 2318 veris.

220 2390 373 2478 ‘Sed
406 2388 446 2446 fi
478 2390 680 2448 cunsta
714 2389 888 2448 vides
921 2386 1097 2448 fimili
1127 2387 1262 2449 fora
1290 2390 1469 2471 plena
1507 2394 1787 2471 querela:

140 2584 149 2590 .
253 2527 361 2599 Si,
410 2526 606 2586 decies
638 2525 805 2586 lestis
844 2521 1093 2586 diversa'
1107 2541 1283 2608 parte
1320 2526 1597 2602 tabellis,

186 2667 195 2674 ’
252 2665 429 2731 Vana
463 2662 811 2746 supervacui
845 2664 1051 2726 dicunt
1083 2662 1522 2751 cheirographa
1552 2666 1728 2752 ligni,

255 2801 481 2889 Arguit
513 2800 781 2885 ipsorum
810 2823 959 2882 quos
987 2803 1224 2865 littera:
1270 2825 1624 2890 gemmaque
1655 2807 1940 2890 princeps

261 2941 760 3025 Sardonychum‚
804 2940 1015 3002 loculis
1053 2923 1203 3021 quae
1240 2942 1569 3006 custoditur
1602 2944 1881 3007 eburnis:

259 3075 361 3138 Te
394 3100 548 3162 nunc
581 3080 821 3173 delicias
852 3042 1025 3141 extra
1061 3083 1408 3142 communia·
1434 3083 1635 3144 censes

265 3213 661 3276 Ponendum:
708 3218 810 3297 qui
844 3235 908 3278 tu
942 3211 1197 3303 gallinae
1231 3219 1386 3281 filius
1432 3218 1636 3296 albae;

268 3350 403 3416 Nos
444 3354 594 3416 viles
624 3354 773 3436 pulli
806 3357 931 3419 nati
962 3354 1306 3420 infelicibus
1338 3359 1501 3422 ovis!

1100 3505 1243 3576 K2
