2307 3873
668 258 714 319 s
755 238 914 318 Α”Τ
958 257 1007 316 Y
1049 257 1109 318 R
1150 258 1210 319 A
1292 258 1432 323 xv.
1761 320 1766 327 „
1820 271 1938 339 175

193 440 245 502 A
272 456 448 523 grege
475 449 780 494 mutorum
799 469 818 505 ,
865 447 1039 511 atque
1069 432 1210 492 ideo
1243 427 1586 491 venerabile
1617 429 1726 490 soli

196 575 397 639 Sortiti
428 573 736 656 ingenium
755 607 777 645 ,
824 571 1286 650 divinorumque
1329 574 1574 650 capaces
1596 607 1618 645 ,

195 715 385 793 Atque
423 670 771 787 exercendis
802 708 1217 790 capiendisque
1247 709 1475 770 artibus
1505 711 1651 792 apti.

196 851 441 915 Sensum
475 869 509 909 a
544 846 781 908 coelesti
816 845 1125 908 demissum
1162 849 1450 915 traximus
1495 869 1655 922 arce,

203 989 378 1068 Cujus
414 1003 593 1072 egent
622 1007 814 1068 prona
853 985 914 1047 δε
945 1004 1169 1049 terram
1198 985 1558 1067 speRantia.-
1585 985 1810 1077 Mundi

199 1128 508 1209 Principio
540 1086 779 1215 indulfit
817 1125 1150 1213 communis
1184 1126 1469 1186 conditor
1502 1127 1617 1188 illis

201 1266 466 1327 Tantum
487 1260 917 1339 animas2nobis
938 1263 1205 1323 animum
1223 1240 1484 1343 quoque,
1502 1280 1739 1324 mutuus
1762 1278 1828 1323 ut
1848 1281 1958 1321 nos

196 1401 482 1465 ,Adfefirus
514 1390 724 1482 petere
755 1399 1044 1460 auxilium
1083 1398 1143 1461 &
1178 1402 1494 1482 praestare¹
1502 1400 1772 1479 juberet,

203 1540 517 1622 Dispersos
555 1537 794 1600 trahere
827 1541 890 1599 in
925 1539 1221 1620 populum
1244 1577 1263 1611 ,
1309 1541 1569 1624 migrare
1605 1539 1838 1602 vetusto

204 1683 297 1741 De
327 1688 617 1751 nemere3
661 1676 723 1740 &
751 1679 995 1759 proavis
1044 1663 1340 1740 habitatas
1373 1679 1652 1763 linguere
1676 1679 1880 1739 silvas:

205 1782 543 1879 Aedificare
578 1817 830 1890 domm,
877 1815 1129 1877 Laribus
1167 1817 1535 1902 conjungere
1567 1819 1781 1879 nostris

204 1956 464 2016 Tei'tum
498 1954 657 2014 aliud
680 1992 699 2026 ‚
746 1970 911 2014 tutos
942 1958 1140 2017 vicino
1170 1958 1362 2018 limite
1397 1956 1637 2018 somnos

210 2095 301 2154 Ut
331 2092 545 2152 collata
581 2091 748 2152 daret
779 2092 1032 2151 fiducia:
1079 2110 1407 2178 protegere
1456 2095 1639 2153 armis

208 2230 468 2314 Lepsum
490 2268 510 2304 ‚
556 2247 655 2291 aut
683 2232 916 2320 ingenti
949 2247 1265 2294 nutantem
1300 2233 1549 2294 vulnere
1589 2234 1808 2304 civem,

214 2367 537 2432 Communi
565 2369 706 2427 dare
736 2368 895 2450 signa
929 2367 1072 2427 tuba
1092 2404 1113 2440 2
1162 2329 1479 2429 defendier
1510 2369 1703 2428 Isdem
1835 2331 1838 2336 Ι

213 2504 518 2568 Turribus
541 2541 561 2577 ‚
608 2520 782 2583 atque
817 2526 932 2566 una
961 2522 1280 2586 portarum
1316 2472 1479 2566 clave
1509 2507 1723 2567 tene‘ri.

214 2646 340 2707 Sed
369 2643 493 2722 jam
528 2643 873 2736 serpentum
904 2643 1101 2721 major
1135 2645 1497 2703 concordia:
1558 2644 1753 2725 parcit

220 2782 514 2868 cognatis
533 2783 780 2842 maculis
815 2784 1025 2843 fimilis
1047 2781 1199 2845 fera.
1250 2782 1514 2864 Qando
1549 2783 1715 2843 leoni

219 2920 476 2982 Fortior
510 2922 738 3002 eripuit
764 2922 954 2983 vitam
984 2923 1122 2983 leo?
1173 2943 1289 3001 quo
1326 2942 1578 2982 nemore
1616 2939 1872 2998 unquam

222 3029 578 3140 Exspiravit
605 3080 749 3140 aper
777 3059 1026 3138 majoris
1066 3058 1346 3122 dentibus
1383 3063 1552 3141 apri?

229 3196 443 3256 Indica
463 3196 652 3279 -tigris
686 3200 811 3280 agit
840 3198 1049 3259 rabida
1077 3221 1212 3260 cum
1245 3199 1471 3283 tigride
1498 3219 1713 3280 pacem

227 3335 641 3416 Perpetuam:
688 3333 874 3398 saevis
912 3339 1077 3399 inter
1096 3338 1169 3418 yse
1208 3339 1493 3403 convenit
1546 3338 1708 3407 ursis.

1055 3546 1073 3572 N
