2307 3873
697 261 762 349 „3
806 263 866 327 A
906 263 969 329 T
1012 266 1061 329 Y
1104 267 1165 330 R
1206 269 1267 330 A
1347 270 1545 335 xm:
1882 295 2025 365 145.r

219 427 407 501 'Voce
444 449 660 521 neget,
707 459 853 517 quae
884 439 953 500 fit
998 441 1117 503 fiai
1157 445 1485 508 constantia
1517 448 1758 511 vultus?
1804 491 1814 497 —

228 567 345 632 Per
373 572 511 633 solis
540 577 741 636 radios
761 610 783 650 ,
830 577 1213 661 Tarpejaque
1242 568 1497 647 fulmina
1524 586 1722 681 jurat,

222 707 307 771 Et
337 668 557 772 Martis
594 712 884 777 frameam
905 748 926 788 ,
974 715 1037 778 ἃ
1074 717 1345 785 Cirrhaei
1377 725 1825 806 spiculavatiS.

195 846 351 908 ·Per-'
375 847 639 948 calamos
676 853 1000 913 venatricis
1029 851 1495 944 pharetramque
1523 869 1781 948 puellae,

219 944 455 1064 Perque
486 1003 693 1060 tuum,
737 1004 915 1069 pater
946 988 1139 1075 Aegei
1173 995 1497 1080 Neptune,
1556 1007 1923 1075 tridentem}

214 1120 438 1187 Addit
446 1121 508 1186 δι
539 1126 876 1186 Herculeos
913 1111 1120 1205 arcus,
1165 1132 1504 1219 hastamque
1538 1121 1879 1223 Minervae,

213 1259 538 1340 Quidquid
571 1260 798 1323 habent
834 1265 1097 1328 telorum
1131 1282 1591 1341 armamentaria
1628 1284 1803 1345 coeli.

213 1397 280 1498 Si
315 1416 460 1457 vero
492 1395 745 1481 &pater
759 1400 872 1462 est:
920 1408 1312 1482 comedam,
1292 1415 1511 1492 inquit,
1549 1417 1750 1480 flebile
1771 1422 1938 1546 gnati

211 1495 494 1616 Sinciput
524 1537 705 1611 elixi,
752 1538 1089 1622 Pharioque
1125 1550 1423 1627 madentis
1455 1571 1661 1617 aceto„

293 1674 471 1747 Sunt,
517 1677 582 1734 in
616 1674 899 1739 fortunae
933 1683 1032 1760 qui
1072 1685 1293 1746 cafibus
1331 1694 1529 1753 omnia
1574 1715 1833 1779 ponant,

204 1806 291 1872 Et
321 1811 485 1872 nullo
516 1815 764 1876 credant
793 1820 1085 1880 mundum
1113 1824 1346 1888 restore
1377 1835 1643 1907 moveri,

206 1945 444 2010 Natura
471 1952 764 2020 ,volvente
796 1956 959 2017 vices
993 1958 1056 2020 &
1090 1962 1238 2024 lucis
1258 2004 1278 2039 ,
1325 1966 1388 2030 ἃ
1422 1974 1589 2045 anni,

202 2082 407 2165 Atque
431 2088 576 2150 ‘ideo
613 2079 900 2173 intrepidi
931 2117 1316 2199 quaecunque
1365 2106 1571 2170 altaria
1605 2126 1880 2199 tangunt
1918 2143 1931 2165 ι

200 2218 309 2282 Est
344 2225 489 2286 altus
519 2245 830 2305 metuens,
875 2257 953 2296 ne
989 2240 1221 2299 crimen
1251 2259 1451 2321 poena
1486 2245 1798 2329 sequatur:

127 2345 154 2368 ⁵
197 2359 322 2420 Hic
355 2378 534 2442 putat
559 2364 673 2426 effe
708 2370 909 2441 Deos,
957 2370 1018 2431 &
1043 2371 1305 2452 pejerat,
1349 2383 1523 2458 atque
1559 2385 1645 2447 ita
1681 2388 1878 2456 secum
1901 2413 1939 2470 r

195 2498 541 2604 Decernat,
588 2504 983 2586 quodcunque
1014 2510 1189 2571 volet
1223 2513 1296 2573 de
1340 2538 1600 2600 corpore
1630 2529 1834 2626 nostro

194 2632 300 2695 Ifis
321 2674 341 2709 ,
382 2635 492 2699 &
473 2656 629 2701 irato
663 2641 841 2703 feriat
870 2666 1004 2707 mea
1038 2648 1260 2712 lumina
1297 2654 1488 2733 sistro,

189 2771 542 2839 Dummodo
561 2781 656 2841 vel
673 2802 891 2843 coecus
908 2800 1170 2865 teneam,
1192 2812 1339 2870 quos
1359 2792 1624 2883 abnego,
1650 2823 1957 2879 nummos.

190 2904 277 2969 Et
304 2911 555 2991 phthifis
578 2954 598 2989 ‚
646 2917 709 2980 &
740 2923 1011 2984 vomicae
1045 2943 1279 3032 putres,
1327 2931 1388 2995 δε
1426 2938 1738 3004 dimidium
1775 2966 1914 3012 crue

191 3044 344 3106 Sunt
378 3055 568 3118 tanti.
611 3076 843 3139 pauper
885 3062 1253 3145 locupletem
1291 3088 1502 3156 optare
1532 3081 1867 3165 podagram

188 3179 328 3242 Nec
361 3187 595 3250 dubitet
623 3192 809 3256 Ladas
830 3233 852 3272 ,
897 3200 939 3258 fi
971 3219 1094 3262 non
1127 3223 1268 3289 eget
1303 3208 1618 3297 Anticyra,
1664 3241 1779 3285 nec

186 3317 554 3407 Archigene.
605 3328 769 3413 Quid
804 3339 963 3399 enim
999 3344 1225 3406 velocis
1263 3348 1459 3431 gloria
1487 3353 1733 3435 plantae

975 3485 1134 3555 ‘K-
