2307 3873
781 246 1323 314 SATYRA
1405 247 1493 315 V.
1909 257 1997 327 43

224 383 537 507 ‘Adspicffi
584 445 759 505 quam
789 426 975 508 longo
1014 424 1310 486 distendat
1344 422 1587 503 pettore
1618 419 1875 508 lancem,⁴

238 525 418 648 Quae
450 562 646 626 fertur
685 564 961 635 domino,
980 563 1211 643 squilla,
1248 560 1542 640 &quibus
1561 560 1822 638 undique
1837 557 2004 642 septa

233 663 553 786 Asparagis
575 739 595 774 ‚
640 721 752 781 qua
792 701 1080 782 despiciat
1104 700 1384 762 convivia
1418 700 1624 771 cauda,

234 837 387 902 Cum
424 841 594 900 venit
625 839 836 901 excelsi
864 838 1140 899 manibus
1173 837 1398 900 sublata
1433 838 1710 898 ministri.

236 978 358 1037 Sed
394 977 511 1038 tibi
548 977 804 1039 dimidio
838 978 1184 1042 constriaus
1218 964 1546 1036 cammarus
1580 997 1698 1035 ove

234 1114 531 1190 Ponitur,
578 1120 796 1201 exigua
823 1115 1028 1177 feralis
1057 1135 1244 1177 coena
1277 1115 1515 1196 patella.

237 1252 374 1331 lpse
404 1251 758 1318 Venafrano
795 1251 1019 1331 piscem
1055 1251 1402 1332 perfundit:
1450 1269 1508 1311 at
1537 1251 1678 1322 hic,
1725 1254 1826 1340 qui

238 1385 508 1447 Pallidus
535 1382 806 1445 adfertur
839 1383 1059 1443 misero
1091 1384 1208 1442 tibi
1258 1385 1436 1441 caulis
1461 1420 1480 1454 ,
1544 1383 1733 1442 olebit

239 1524 603 1584 Latetnam:
650 1521 796 1582 illud
828 1523 992 1582 enim
1026 1521 1229 1583 vestris
1267 1499 1448 1581 datur
1477 1520 1723 1581 alveolis
1745 1557 1766 1593 ‚
1812 1522 1975 1602 quod

241 1659 447 1724 Canna
476 1658 874 1742 Micipsarum
903 1679 1088 1741 prora
1117 1659 1398 1721 subvexit
1431 1675 1635 1731 acuta;

241 1798 506 1880 Propter
535 1798 698 1879 quod
733 1798 969 1862 Romae
1005 1820 1141 1858 cum
1161 1797 1470 1860 Bocchare
1503 1821 1683 1860 nemo
1712 1799 1971 1872 lavatur,

246 1939 437 2020 Quod
472 1954 638 1999 tutos
675 1939 857 1999 etiam
892 1936 1037 1999 facit
1073 1959 1103 1998 a
1137 1938 1517 2019 serpentibus
1548 1935 1757 2000 Afros·

244 2073 624 2149 Mullus‘erit
661 2078 936 2150 domini,
985 2098 1163 2156 quem
1198 2078 1356 2138 misit
1388 2075 1621 2139 Corsica
1645 2115 1664 2149 ,
1709 2077 1804 2137 vel
1838 2056 2015 2156 quem

214 2230 219 2237 “
244 2211 795 2277 Tauromenitanae
830 2237 1011 2296 rupes
1029 2254 1048 2289 ,
1097 2218 1333 2296 quando
1349 2238 1531 2277 omne
1546 2216 1849 2296 perastum
1865 2215 1974 2289 est,

245 2345 330 2411 Et
364 2350 487 2426 jam
518 2350 740 2412 defecit
775 2352 1040 2410 nostrum
1070 2372 1235 2410 mare
1256 2388 1280 2422 ,
1325 2354 1467 2410 dum
1499 2352 1638 2434 gula
1667 2351 1850 2410 saevit

246 2484 514 2549 Retibus
547 2482 775 2545 affiduis
809 2484 1053 2565 penitus
1082 2484 1382 2545 scrutante
1430 2486 1683 2567 macello
1789 2470 1794 2476 ’

246 2606 563 2697 Proxima,
607 2645 720 2684 nec
734 2626 1002 2706 patimur
1014 2605 1409 2707 Tyrrhenum
1437 2600 1698 2717 creseere
1726 2624 1985 2708 piscem.»

251 2763 498 2825 Instruit
536 2781 682 2848 ergo
716 2759 923 2831 focum
956 2765 1308 2846 provincia:
1355 2763 1607 2824 sumitur
1639 2765 1807 2825 illinc

254 2900 441 2984 Quod
477 2882 752 2985 cantator
787 2919 948 2964 emat
976 2902 1166 2963 Lenas
1188 2941 1209 2976 ,
1252 2902 1501 2964 Aurelia
1534 2903 1776 2966 vendat.

251 3037 511 3104 Virroni
542 3062 820 3103 muraena
861 3043 1071 3115 datur,
1130 3064 1281 3121 quae
1315 3044 1578 3104 maxima
1613 3044 1781 3104 venit

258 3176 517 3260 Gurgite
550 3179 623 3240 de
659 3181 899 3241 Siculo:
945 3202 1107 3254 nam,
1159 3183 1302 3242 dum
1333 3182 1396 3242 se
1431 3156 1707 3243 continet
1735 3180 1975 3258 Auster,

254 3315 418 3378 Dum
453 3315 615 3380 sedet
635 3355 655 3393 2
703 3316 764 3383 &
788 3319 965 3384 ficcat
996 3321 1262 3384 madidas
1296 3323 1359 3383 in
1398 3341 1636 3383 carcere
1665 3334 1919 3403 pennas,
1992 3340 1996 3349 ·
