2307 3873
308 261 396 332 94
781 244 1585 326 JUVENALIS

310 418 491 479 Nunc
528 417 705 478 sociis
721 416 863 501 juga
879 438 1067 499 pauca
1098 418 1309 492 boum,
1355 441 1503 506 grex
1523 441 1746 502 parvus
1764 444 2081 504 equarum,

312 555 395 618 Et
429 574 605 637 pater
638 558 894 616 armenti
931 574 1109 636 capto
1139 561 1438 638 eripiatur·
1470 559 1697 643 agello:

316 696 430 778 Ipfi
468 696 684 755 deinde
726 695 936 767 LareS,
985 695 1026 754 s1
1058 698 1219 774 quod
1250 695 1566 778 spectabile
1605 698 1874 783 signum,

313 835 378 895 si
414 835 542 912 quis
577 834 639 892 in
673 835 937 895 aedicula
956 836 1116 896 Deus
1153 837 1383 896 unicuS.
1432 816 1600 898 Haec
1637 839 2033 919 etenim.sunt

312 972 434 1033 Pro
468 972 751 1032 summis:
798 934 935 1033 nam
956 973 1091 1034 sunt
1125 973 1277 1035 haec
1310 966 1592 1036 maxima.
1641 975 1952 1058 Despicias
1971 996 2040 1039 tu

308 1110 583 1173 Forsrtan
617 1110 916 1171 imbelleis
932 1110 1240 1185 Rhodios,
1273 1115 1621 1193 unstamque
1639 1113 1997 1176 Corinthum
2017 1136 2038 1176 ε

308 1248 624 1331 Despicias
656 1252 900 1311 merito.
975 1251 1147 1334 Quid
1181 1217 1431 1315 r'efinata
1460 1253 1745 1331 juventus
1766 1291 1787 1326 ,

314 1388 615 1469 Cruraque
653 1392 840 1451 totius
869 1389 1099 1455 facient
1132 1392 1250 1454 tibi
1277 1392 1470 1456 laevia
1503 1395 1746 1476 gentis?

309 1529 574 1589 Horrida
604 1529 852 1589 vitanda
882 1529 965 1589 est
998 1528 1323 1609 Hispania,
1374 1528 1635 1587 Gallicus
1683 1531 1838 1603 axia,

317 1665 744 1746 Illyricumque
779 1666 954 1725 latus.
1015 1666 1201 1725 Parce
1238 1662 1299 1726 &
1332 1660 1687 1725 messoribus
1725 1666 1869 1739 illis,
2147 1700 2182 1740 3

317 1801 447 1883 Qui
486 1799 746 1861 saturant
780 1762 1038 1874 Urbem,
1086 1800 1263 1862 Circo
1285 1840 1305 1875 ,
1349 1800 1672 1881 scenaeque
1703 1818 2037 1865 vacantem.

316 1939 561 2021 Quanta
585 1922 791 1998 'autem
827 1940 968 2000 inde
1003 1939 1165 2001 feres
1200 1959 1323 2002 tam
1362 1943 1526 2002 dirae
1545 1942 2079 2026 praemiaculpae,

315 2077 464 2143 Cum
503 2096 712 2138 tenues
746 2097 938 2158 nuper
966 2076 1199 2139 Marius
1231 2051 1584 2142 discinxerit
1614 2078 1800 2141 Afros
1816 2087 1852 2154 ἒ,

313 2216 657 2281 Curandum
693 2217 759 2306 in
785 2216 997 2298 primis
1019 2255 1040 2291 ‚
1086 2239 1163 2279 ne
1197 2237 1413 2302 magna
1441 2217 1662 2296 injuria
1697 2218 1803 2280 fiat

312 2356 645 2432 FortibuS,
703 2352 1064 2432 &miseri8,
1127 2356 1302 2418 tollas
1339 2356 1484 2418 licet
1533 2378 1740 2430 omne,
1794 2357 1957 2437 quod
1987 2356 2083 2418 us-

1395 2516 1572 2574 quam
1609 2495 1692 2556 est

312 2634 494 2704 Auri,
524 2650 701 2713 atque
715 2635 985 2718 argenti:
1032 2632 1286 2704 scutum,
1318 2632 1695 2715 gladiumque
1716 2632 2084 2710 relinquens,

315 2769 398 2834 Et
433 2771 719 2851 jaculum,
756 2770 817 2834 &
853 2771 1116 2855 galeam=
1166 2778 1493 2829 sPoLxATIS
1525 2789 1687 2830 arma
1707 2765 2039 2850 supersunt.

250 2929 275 2935 “
319 2911 509 2993 Quod
529 2910 714 2971 modo
734 2908 1055 2990 proposui,
1087 2930 1212 2968 non
1235 2908 1316 2967 est
1333 2907 1658 2969 sententia:
1704 2926 1917 2967 verum
1936 2905 2041 2968 est.

282 3018 287 3023 .
319 3049 564 3111 Credite
598 3069 696 3109 me
730 3047 906 3109 vobis
943 3046 1162 3108 folium
1198 3048 1451 3108 recitare
1487 3045 1773 3128 Sibyllae.

318 3157 379 3247 ‘Si
422 3160 536 3247 tibi
565 3185 753 3246 sansta
793 3185 1012 3246 cohors
1049 3171 1383 3261 comitum,
1429 3186 1470 3244 s1
1506 3155 1686 3246 nemo
1723 3184 1989 3247 tribunal

325 3325 554 3388 Vendit
575 3320 1030 3398 Acersecomes‚
1067 3324 1108 3384 fi
1141 3325 1372 3384 nullum
1409 3325 1473 3383 in
1494 3322 1754 3408 conjuge
1788 3325 2044 3397 crimen,

391 3579 459 3626 g
480 3651 487 3654 „
