2307 3873
350 271 476 324 202
996 257 1467 321 PERSII

872 519 1371 628 'SATYRA
1470 549 1643 629 V.<

348 662 635 767 Vatibus
666 704 930 765 hic‘mos
964 706 1080 778 est,
1116 692 1354 769 centum
1387 708 1495 767 fibi
1527 707 1776 789 poscere
1810 730 2009 771 voces.

344 839 596 904 Centum
628 860 730 928 ora
769 839 834 910 ὃς
869 841 1101 925 linguas
1137 861 1346 938 optare
1381 846 1445 903 in
1483 846 1743 905 carmina
1778 853 2052 909 centum:

339 980 562 1041 Fabula
591 979 690 1039 seu
723 980 949 1040 moesto
981 983 1248 1062 ponatur
1276 981 1488 1042 hianda
1524 943 1855 1065 tragoedo,

337 1119 606 1184 Vulnera
635 1116 731 1176 seu
760 1116 965 1178 Parthi
1000 1122 1267 1181 ducentis
1296 1118 1368 1179 ab
1406 1120 1650 1203 inguine
1683 1119 1910 1180 ferrum
1929 1143 1947 1180 t

339 1255 644 1339 Qiorsutn
678 1253 862 1316 haec?
924 1274 1025 1318 aut
1051 1274 1295 1335 quantas
1325 1256 1548 1317 robusti
1580 1259 1859 1318 carminis
1898 1255 2049 1319 offas
2107 1337 2110 1342 Ι

337 1396 568 1481 Ingeris
590 1432 609 1467 ,
650 1403 725 1453 'ut
751 1412 860 1475 par
888 1393 957 1454 slt
993 1416 1247 1457 centeno
1282 1412 1524 1482 gutture
1557 1397 1710 1455 niti?

337 1536 578 1595 Grande
614 1485 909 1604 locuturi,
956 1533 1201 1594 nebulas
1230 1532 1527 1594 Helicone
1562 1533 1845 1616 legunto:

276 1657 281 1664 .
332 1675 398 1734 Si
436 1672 648 1753 quibus
685 1687 786 1732 aut
820 1669 1104 1743 Procnes,
1149 1685 1250 1729 aut
1285 1669 1325 1726 fi
1355 1671 1568 1747 quibus
1607 1670 1723 1730 olla
1741 1668 2042 1752 Thyestae

327 1811 662 1878 Fervebit‚
707 1806 881 1885 saepe
910 1801 1123 1861 insulso
1162 1805 1464 1859 coenanda
1500 1803 1785 1881 Glyconi.
1855 1789 1876 1808 '¹

209 1921 214 1936 ¹
324 1953 428 2012 Tu
463 1958 648 2024 neque
681 1922 1016 2032 anhelanti,
1062 1938 1335 2017 coquitur
1362 1939 1504 1997 dum
1534 1936 1712 2000 massa
1742 1940 2007 2014 camino,

322 2086 493 2150 Folle
524 2078 751 2163 premis
787 2093 1000 2138 ventos
1021 2070 1041 2138 i
1084 2098 1197 2138 nec
1230 2076 1421 2139 clauso
1459 2098 1764 2146 murmure
1807 2097 2017 2140 raucus

320 2215 566 2290 Nescio,
610 2217 749 2296 quid
784 2184 982 2275 tecum
1020 2234 1200 2299 grave
1233 2216 1555 2275 cornicaris
1584 2217 1835 2296 inepte,

317 2361 452 2425 Nec
485 2359 723 2437 stlopp‘o
761 2355 1020 2417 tumidas
1053 2354 1321 2416 intendis
1354 2373 1634 2434 rumpere
1668 2352 1905 2417 buccas.

313 2498 523 2565 Verba
557 2484 735 2578 tossae
763 2492 1022 2571 sequeris
1042 2530 1063 2567 ‚
1107 2492 1375 2591 junstura
1408 2493 1651 2553 callidus
1687 2461 1859 2565 acri:
1919 2534 1922 2537 -

314 2635 440 2700 Ore
478 2652 635 2696 teres
670 2631 955 2691 modicos:
1000 2627 1294 2712 pallentes
1329 2632 1541 2691 radere
1577 2647 1774 2689 mores

310 2762 574 2845 noetus,
623 2769 683 2833 &
715 2773 977 2853 ingenuo
1014 2769 1249 2850 culpam
1284 2769 1545 2858 defigere·
1579 2766 1748 2868 ludo.

308 2915 471 2977 Hinc
504 2908 702 2982 trahe,
736 2927 882 2985 quae
904 2909 1093 2967 dicas:
1138 2902 1765 2991 mensasquerelinque
1784 2895 2069 2982 Mycenis

308 3049 458 3113 Cum
494 3048 691 3129 capite
725 3043 785 3106 &
815 3044 1107 3126 pedibus:
1152 3039 1507 3123 plebejaque
1540 3037 1791 3118 prandia
1815 3040 2004 3101 noris.
2068 3131 2072 3136 .

303 3187 449 3249 Non
481 3186 760 3266 equidem
794 3181 914 3254 hoc
945 3181 1177 3253 studet),
1213 3177 1452 3239 bullatis
1485 3191 1551 3235 ut
1579 3174 1732 3236 mihi
1764 3166 1937 3260 nugis

302 3327 526 3413 Pagina
563 3319 904 3408 turgescat,
951 3318 1091 3379 dare
1125 3318 1364 3401 pondus
1402 3317 1620 3411 idonea
1652 3313 1845 3376 fumo.
