2307 3873
294 262 433 355 ns
787 269 1597 360 JUVENALJS

311 447 704 536 Frangendus
742 451 962 520 misero
1002 453 1250 536 gingiva
1280 454 1743 533 panis‘inermi:

317 589 522 671 Usque
559 590 709 651 adeo
748 592 942 675 gravis
973 591 1196 681 uxori,
1242 589 1591 674 gnatisque,
1637 556 1914 671 sibique,

318 729 408 790 Ut
445 730 745 808 captatori
778 747 1019 791 moveat
1055 726 1289 788 fastidia
1322 725 1519 791 Cosso.

317 864 468 927 Non
500 867 710 927 eadem
741 868 905 942 vini,
952 884 1126 948 atque
1161 866 1283 927 cibi
1312 882 1597 948 torpente
1629 867 1858 948 palato-

326 1005 594 1066 Gaudia:
641 1025 779 1066 nam
808 1006 1002 1066 coitus
1033 1004 1158 1083 jam
1192 1006 1371 1089 longa
1405 1002 1635 1065 oblivio
1648 1024 1668 1079 3
1716 1004 1813 1066 vel
1848 1003 1889 1064 si

323 1140 574 1204 Coneris
597 1180 618 1218 ,
661 1143 823 1223 jacet
854 1145 1104 1228 exiguus
1143 1164 1278 1204 cum
1313 1144 1533 1204 ramice
1565 1161 1778 1203 nervus
1797 1163 1848 1213 3.

320 1277 439 1355 Et,
465 1248 756 1361 [quamvis
795 1297 924 1344 tota
958 1283 1243 1364 palpetur
1274 1283 1482 1353 noste,
1527 1279 1773 1357 jacebit.

320 1418 499 1481 Anne
531 1421 754 1501 aliquid
787 1420 1027 1504 sperare
1057 1421 1259 1502 potest
1289 1419 1440 1481 haec
1468 1385 1730 1502 inguinis
1769 1422 1931 1503 aegri

323 1554 632 1619 Canities?
678 1559 823 1638 quid
844 1595 865 1631 ,
912 1558 1073 1637 quod
1109 1558 1335 1618 merito
1367 1557 1622 1638 suspesta
1657 1555 1845 1617 libido
1883 1556 2004 1629 est,

324 1692 504 1775 Quae
543 1656 848 1761 Venerem
884 1690 1119 1755 affestat
1136 1690 1269 1756 Tine
1305 1680 1571 1756 viribus?
1618 1693 1857 1777 adspice
1898 1695 2087 1776 partis

322 1828 507 1890 Nunc
523 1802 808 1891 damnum
827 1831 1096 1892 alterius.
1128 1829 1290 1891 Nam
1310 1832 1458 1910 quae
1491 1848 1767 1894 cantante
1781 1832 2087 1933 voluptas,

326 1969 423 2030 sit
457 1968 620 2030 licet
635 1971 920 2043 eximiuS,
960 1969 1313 2032 citharoedo
1338 2007 1358 2043 ,
1405 1970 1521 2032 five
1556 1972 1835 2047 Seleuco,

325 2106 409 2171 Et
445 2108 660 2190 quibus
696 2126 898 2171 aurata
926 2131 1060 2171 mos
1098 2110 1182 2170 est
1215 2081 1449 2193 fulgere
1480 2109 1752 2170 lacerna?

323 2245 498 2328 Quid
531 2246 759 2320 refert,
806 2249 1010 2332 magni
1042 2247 1244 2309 sedeat
1276 2267 1389 2328 qua
1421 2263 1595 2328 parte
1626 2245 1870 2322 theatri,

318 2385 449 2468 Qui
479 2386 585 2449 vix
622 2388 956 2448 cornicines
994 2388 1316 2460 exaudiet,
1361 2402 1536 2465 atque
1569 2387 1878 2474 tubarum'
1933 2419 1950 2475 T'

321 2523 707 2586 concentus?
757 2527 1031 2590 Clamore
1064 2548 1217 2607 opus
1250 2527 1355 2599 est,
1402 2542 1468 2585 ut
1487 2525 1700 2585 sentiat
1735 2525 1916 2596 auris,

323 2663 530 2745 Qem
562 2665 725 2724 dicat
749 2662 978 2727 venisse
1005 2684 1198 2746 puer,
1245 2678 1392 2742 quot
1427 2661 1665 2721 nuntiet
1696 2657 1899 2719 horaS.

315 2802 636 2864 Praeterea
668 2804 952 2862 minimus
988 2801 1194 2886 gelido
1224 2799 1346 2877 jam
1381 2802 1445 2861 in
1476 2818 1735 2881 corpore
1768 2794 1999 2879 sanguis

313 2937 516 3000 Febre
547 2940 702 3000 calet
730 2937 851 3000 sola
872 2963 889 3012 ;
936 2925 1282 3000 circumfilit
1318 2941 1556 3023 agmine
1593 2937 1747 2997 fasto

315 3071 684 3138 Morborum
701 3097 881 3137 omne
904 3096 1128 3160 genus:
1177 3097 1431 3156 quorum
1463 3076 1504 3136 s1
1531 3076 1776 3136 nomina
1815 3095 2087 3155 quaeras,

311 3210 619 3276 Promtius
650 3214 992 3294 expediam,
1041 3233 1189 3295 quot
1205 3216 1500 3276 amaverit
1520 3216 1752 3298 Hippia
1773 3212 2089 3286 moechm,

318 3348 497 3433 Quot
516 3347 852 3412 Themison
888 3371 1101 3436 aegros
1134 3371 1424 3415 autumno
1457 3355 1752 3415 occiderit
1771 3375 1917 3425 uno,
