2307 3873
317 256 404 349 ga
796 196 1645 341 JUVENALISJ

318 422 617 504 Quaeque
646 422 1029 504 reportandis
1065 419 1257 502 pofita
1290 420 1375 499 est
1409 418 1710 482 orchestra
1765 418 2086 491 cathedris.

252 555 265 566 ’
313 558 448 621 Nos
483 522 684 620 tamen
714 558 834 619 hoc
866 559 1135 643 agimus,
1197 558 1481 637 tenuique
1513 560 1576 618 in
1610 559 1859 639 pulvere
1892 560 2088 623 sulcos

234 680 237 691 ³
311 697 644 768 Ducimus3
692 694 755 757 ἃ
788 697 957 756 littus
988 695 1173 756 sterili
1207 695 1508 758 versamus
1538 714 1761 759 aratro·

313 834 477 897 Nam
511 834 550 893 s1
583 833 844 895 discedas
868 871 888 908 ‚
933 833 1146 913 laqueo
1183 851 1355 896 tenet
1391 836 1693 896 ambitiosi

316 971 701 1034 Consuetudo
736 970 912 1032 mali:
963 989 1130 1034 tenet
1164 968 1491 1051 insanabile
1529 974 1748 1034 multos

311 1100 637 1187 scribendi
669 1084 984 1172 cacoethes
1007 1149 1028 1184 ‚
1076 1111 1138 1172 &
1170 1131 1350 1196 aegro
1379 1112 1443 1170 in
1478 1112 1660 1171 corde
1692 1108 1960 1192 senescit·

314 1249 436 1309 Sed
468 1265 671 1311 vatem
709 1251 1059 1333 egregium,
1107 1251 1204 1309 cui
1230 1270 1354 1310 non
1381 1212 1452 1309 sit
1469 1249 1709 1332 publica
1733 1220 1911 1321 veria,

317 1389 469 1473 Qui.
483 1385 637 1446 nihil
674 1389 1011 1468 expolitum
1044 1387 1231 1450 soleat
1260 1389 1556 1452 deducere
1579 1427 1599 1462 ‚
1645 1354 1912 1468 nec'qui
1957 1398 1962 1401 ⁴

312 1525 637 1588 Communi
672 1523 851 1588 feriat
884 1541 1122 1586 'carmen
1151 1526 1390 1585 triviale
1417 1542 1700 1585 moneta:

309 1663 514 1746 Hunc,
553 1661 786 1739 qualem
814 1666 1051 1741 nequeo
1071 1629 1424 1734 monstrare,
1472 1659 1534 1723 &
1565 1658 1758 1751 sentio
1777 1676 2035 1734 tantum,

307 1794 637 1859 Anxietate
669 1817 876 1857 carens
912 1800 1143 1888 animus
1176 1796 1361 1872 facit,
1406 1801 1601 1858 omnis
1637 1782 1838 1860 acerbi

312 1934 641 2016 Impatiens
661 1970 682 2007 ‚
719 1934 980 2016 ‘cupidus
1009 1934 1308 2019 sylvarum
1331 1974 1351 2010 ,
1398 1938 1682 2018 aptusque
1716 1910 1998 2000 bibendis

314 2072 615 2134 Fontibus
650 2070 998 2137 Aonidum:
1044 2096 1238 2154 neque
1273 2076 1434 2135 enim
1464 2071 1700 2136 cantare
1736 2077 1843 2138 sub
1864 2092 2035 2137 antro

312 2208 563 2286 Pierio,
606 2202 955 2294 'thyrsum-ve
990 2213 1187 2294 potest
1238 2214 1589 2296 contingere
1620 2212 1841 2273 moesta

313 2347 642 2431 Paupertas
664 2386 685 2421 ‚
731 2367 905 2430 atque
936 2352 1083 2411 aeris
1120 2348 1299 2432 inops
1321 2388 1342 2425 ,
1389 2311 1506 2431 quo
1540 2351 1710 2444 noste
1743 2352 1957 2431 dieque

308 2488 548 2571 >Corpus
571 2493 759 2580 eget}
793 2484 948 2550 satur
975 2489 1081 2563 est,
1112 2512 1250 2551 cum
1271 2490 1422 2550 dicit
1438 2489 1728 2550 Horatius
1749 2508 1767 2548 ε
1788 2486 2082 2551 Heuohe!

313 2627 475 2709 Quis
506 2629 675 2687 locus
699 2627 985 2712 ingenio:
1034 2624 1141 2683 nifi
1177 2646 1312 2685 cum
1342 2622 1401 2686 se
1439 2625 1702 2687 carmine
1738 2623 1865 2687 solo

308 2759 593 2837 vexant„
622 2737 702 2826 ·&
720 2764 1004 2825 Dominis
1039 2758 1334 2845 Cyrrhae,
1375 2760 1691 2846 Nysaeque
1723 2763 1999 2825 feruntur

311 2902 559 2965 Pestora
590 2902 817 2977 vestra,
866 2903 1007 2964 duas
1039 2922 1163 2960 non
1195 2901 1575 2962 admittentia
1615 2908 1825 2962 curas?

313 3038 574 3125 Magnae
605 3042 828 3108 mentis
858 3061 1010 3122 opus
1031 3076 1052 3113 ,
1099 3060 1211 3098 nec
1247 3039 1557 3107 delodice
1592 3041 1859 3120 paranda

313 3177 670 3252 Attonitae,
732 3197 980 3251 curruS,
1046 3174 1107 3239 &
1139 3181 1368 3255 equos,
1412 3174 1708 3264 faciesque
1743 3181 1996 3239 deorum

314 3314 688 3398 Adspicere‚
735 3314 797 3383 &
832 3315 1019 3396 qualis
1039 3314 1332 3380 Rutulum
1375 3314 1706 3380 confundat
1750 3315 2039 3399 Erinnys.

1814 3461 1968 3525 Nam
1977 3497 1997 3534 ς
