2307 3873
731 254 1275 320 sA‘rYRA
1358 253 1559 324 vnn
1911 260 1999 343 83

229 433 296 493 si
332 396 513 492 libet:
558 427 702 490 hinc
733 447 988 491 centum·
1006 430 1377 511 patrimonia
1409 424 1890 503 caussidicormm
1940 408 1943 413 ⁴

228 568 404 630 Parte
442 569 554 629 alia
585 565 773 627 solum
804 566 1005 629 ruffati
1039 589 1204 650 pone
1240 567 1559 627 Lacernae.

226 704 562 769 Consedere
599 705 818 764 duces:
866 704 1055 791 surgis
1089 724 1155 767 tu
1180 705 1439 787 pallidus
1475 703 1637 781 Ajax

226 846 507 904 Disturus
539 841 726 920 dubia·
749 863 862 924 pro
895 842 1176 904 libertate
1198 879 1218 916 ,
1264 843 1528 923 bubulco

228 982 478 1061 Judice3
523 1001 736 1062 rumpe
772 979 953 1040 miser
983 980 1217 1041 tensum
1251 979 1423 1057 jecur
1444 1019 1464 1055 ,
1511 995 1578 1039 ut
1611 979 1730 1069 tibi
1760 974 1903 1040 laffo

229 1115 524 1201 Figantur
553 1118 776 1178 virides
795 1154 815 1190 ,
859 1115 1140 1178 scalarum
1170 1118 1362 1202 gloria
1381 1156 1402 1192 ‚
1446 1118 1702 1198 palmae.

234 1253 426 1337 Quod
457 1255 622 1315 vocis
650 1254 958 1333 precium?
1007 1252 1185 1312 siccus
1210 1252 1626 1335 petasunculus
1648 1292 1668 1328 ,
1717 1252 1778 1315 &
1813 1273 1915 1314 vas

233 1389 631 1471 Pelamydum
654 1407 670 1446 ε
718 1404 818 1446 aut
834 1405 1065 1449 veteres
1082 1386 1440 1448 Maurorum
1455 1389 1779 1469 epimenia,
1794 1386 2001 1450 bulbi:

235 1526 362 1587 Aut
392 1527 596 1586 vinum
618 1523 837 1584 Tiberi
877 1525 1184 1585 devestum
1206 1563 1227 1601 ‚
1275 1527 1533 1607 quinque
1562 1527 1830 1610 lagenae.

318 1666 382 1724 si
416 1679 625 1742 quater
653 1650 819 1746 egisti
844 1700 863 1734 2
910 1663 951 1721 fi
986 1664 1246 1748 contigit
1277 1684 1492 1725 aureus
1529 1685 1705 1737 unuS,

236 1799 383 1862 Inde
417 1801 633 1862 cadunt
661 1817 865 1881 partes
903 1822 980 1862 ex
1014 1799 1263 1863 foedere
1294 1804 1828 1886 pragmaticorum.

238 1939 504 2003 Aemilio
533 1932 815 2012 dabitur,
862 1956 1148 2018 quantum
1185 1941 1367 2016 licet,
1414 1940 1476 2005 &
1513 1941 1729 2003 melius
1762 1961 1873 2002 noc

238 2073 526 2161 Egimus:
572 2075 749 2154 hujus
781 2077 943 2136 enim
976 2075 1084 2136 stat
1120 2098 1328 2139 currus
1363 2098 1620 2152 aeneus,
1667 2077 1772 2138 alti

241 2214 650 2300 Quadrijuges
681 2214 745 2273 in
776 2214 1118 2287 vestibulis,
1166 2233 1340 2295 atque
1372 2191 1498 2298 ipse
1532 2214 1725 2276 feroci

240 2350 545 2411 Bellatore
582 2348 790 2409 sedens
827 2366 1138 2411 curvatum
1171 2349 1378 2411 hastile
1408 2353 1676 2414 minatur

241 2487 537 2558 Εηιίηυε,
584 2482 646 2547 8(
680 2485 863 2545 statua
898 2487 1227 2547 meditatur
1254 2486 1481 2567 praelia
1517 2485 1695 2546 lusca.

245 2629 347 2688 Sic
383 2625 546 2685 Pedo
582 2623 940 2697 conturbat,
988 2622 1204 2686 Matho
1240 2626 1482 2686 deficit:
1530 2627 1725 2687 exitus
1745 2622 1847 2686 hic
1882 2623 1968 2686 est

129 2766 138 2771 ”
247 2763 522 2848 Tongilli
548 2800 568 2836 ‚
612 2781 833 2845 magno
872 2784 1008 2822 cum
1044 2760 1437 2824 rhinocerote
1473 2764 1659 2824 lavari

254 2873 383 2983 Qui
411 2901 556 2962 solet
577 2939 597 2975 ‚
644 2861 720 2961 δι’
735 2918 916 2961 vexat
948 2901 1241 2962 lutulenta
1272 2901 1481 2962 balnea
1512 2901 1687 2961 turba
1707 2938 1729 2973 ,

253 3036 485 3116 Perque
519 3038 721 3097 forum
753 3036 1000 3115 juvenes
1036 3039 1219 3123 longo
1252 3041 1480 3120 premit
1517 3036 1698 3099 affere
1734 3036 1956 3099 Medos

257 3172 543 3237 Emturus
574 3194 828 3255 pueroS,
875 3171 1230 3260 argentum,
1275 3165 1628 3251 murrhinaj
1691 3176 1883 3248 villas.

259 3312 538 3396 Spondet
574 3313 735 3374 enim
768 3312 966 3397 Tyrio
996 3314 1251 3376 stlataria
1282 3334 1549 3397 purpura
1583 3315 1706 3393 file.
1752 3389 1755 3398 Ι

1083 3454 1135 3517 F
1191 3470 1233 3522 2
