2307 3873
327 232 373 303 ε
700 214 1619 319 „ijENAtts

328 406 692 494 Arguerint,
737 410 883 475 licet
912 413 1037 498 ipse
1068 423 1324 510 negem?
1382 417 1485 479 sed
1517 419 1772 497 quinque
1804 381 2088 481 tabernae

333 542 793 636 Quadringenta
816 569 1050 633 parant.
1117 553 1290 636 Quid
1327 552 1569 615 confert
1599 524 1864 637 purpura
1889 550 2090 634 'major

332 680 722 765 Optandum5
767 687 810 747 fi
841 686 1127 753 Laurenti
1166 692 1421 754 custodit
1450 694 1512 751 in
1549 713 1695 776 agro

331 819 661 907 Condustas
682 822 974 888 Corvinus
1010 829 1221 890 oveis?
1269 849 1383 914 ego
1414 829 1681 910 poss'ideo
1710 830 1847 911 plus

328 958 632 1037 Pallante,
680 962 742 1026 &
771 964 1022 1025 Licinis.
1069 964 1434 1048 Exspectant
1467 988 1614 1052 ergo
1648 967 1957 1029 Tribuni:

330 1088 601 1162 Vincant
628 1102 937 1164 Divitiae.
984 1101 1151 1162 sacro
1185 1124 1300 1170 nec
1337 1107 1511 1165 cedat
1541 1105 1790 1179 honori,

329 1234 591 1318 Nuper
572 1260 637 1298 ιιι
666 1237 822 1301 hanc
864 1238 1075 1301 urbem
1106 1239 1365 1322 pedibus
1399 1243 1501 1321 qui
1522 1258 1778 1304 venerat
1809 1239 1996 1300 albis·

326 1332 841 1458 Quandoquidem
877 1392 1039 1462 inter
1065 1398 1178 1438 nos
1209 1375 1547 1440 sanstiffima
1580 1380 1925 1442 divitiarum

324 1510 644 1589 Majestas:
691 1514 797 1574 etsi
824 1488 1052 1576 funesta
1070 1496 1331 1576 Pecunia
1364 1514 1595 1596 templo
1715 1493 1717 1495 ¹

281 1706 286 1710 .
319 1647 627 1737 Nondum·
646 1649 915 1726 habitas,
959 1648 1573 1718 nullasssnummorum
1594 1650 1889 1712 ereximus
1929 1670 2086 1726 aras,

325 1786 415 1847 Ut
450 1786 673 1848 colitur
708 1787 871 1863 Pax,
918 1808 1095 1870 atque
1112 1756 1331 1862 Fides,
1375 1758 1674 1864 Victoria,
1713 1789 1950 1863 Virtus,

330 1924 625 2010 Quaeque
659 1925 910 1989 salutato
945 1929 1218 2011 crepidat
1252 1925 1590 1990 Concordia
1622 1928 1790 2006 nido.

413 2066 532 2127 Sed
564 2087 700 2125 cum
731 2064 990 2128 summus
1024 2065 1227 2128 honor
1261 2067 1437 2128 finito
1460 2084 1788 2160 ,computet
1819 2087 1998 2140 anno,

320 2173 604 2286 Sportula
638 2204 777 2283 quid
812 2204 1074 2280 referat,
1120 2221 1408 2285 quantum
1436 2204 1772 2278 rationibus
1810 2204 2022 2265 addat:

323 2341 495 2426 Quid
530 2340 758 2403 facient
807 2343 1099 2420 comites,
1163 2342 1373 2425 quibus
1409 2342 1558 2403 hinc
1603 2357 1784 2427 toga,
1849 2341 2079 2429 calceus

1392 2482 1540 2542 hinc
1559 2482 1665 2555 est,

267 2697 274 2706 .
318 2617 402 2682 Et
433 2623 646 2702 panis,
691 2621 1001 2703 fumusque
1039 2623 1246 2682 domi?
1312 2617 1633 2680 denfissima
1670 2630 1912 2676 centum

322 2755 735 2843 Quadranteis
772 2762 973 2824 lectica
1005 2760 1162 2843 petit
1182 2796 1203 2833 ‚
1266 2757 1641 2837 sequiturque
1670 2754 1953 2813 maritum

316 2899 629 2986 languida
651 2937 671 2975 ,
716 2893 817 2963 uel
848 2918 1182 2983 praegnans
1204 2935 1225 2972 ‚
1272 2894 1334 2958 &
1363 2893 1828 2980 circumducitur
1858 2909 2032 2951 uxor.

316 3038 440 3099 Hic
471 3042 631 3120 petit
665 3037 935 3111 absenti,
980 3052 1122 3102 nota
1151 3036 1274 3115 jam
1313 3033 1562 3094 callidus
1591 3046 1742 3103 arte,

318 3174 656 3238 Ostendens
687 3198 962 3252 vacuam,
1009 3172 1344 3239 &clausam
1377 3193 1492 3257 pro
1528 3170 1785 3253 conjuge
1814 3165 2033 3227 seuam.

323 3315 495 3378 Galla
526 3283 661 3379 mea
698 3315 801 3392 est,
846 3316 1060 3396 inquit.
1111 3314 1301 3379 Citius
1339 3315 1601 3377 dimitte.
1649 3306 1953 3372 Moraris?
