2307 3873
275 249 404 316 ⁴218
604 232 1751 303 SULPICIAE'SAT.

277 411 487 474 Turba
522 393 725 496 rigens
752 373 970 471 'striais
1003 432 1115 493 per
1145 412 1330 472 lutea*
1353 433 1612 494 corpora
1649 414 1803 474 telis.

277 550 383 611 Ast
406 550 517 611 ubi
547 571 685 630 apes
719 549 921 610 secura
954 552 1153 624 redit,
1200 550 1393 612 oblita
1429 551 1709 612 favorum

279 689 456 752 Plebs
478 726 498 761 ,
544 706 851 768 materque
888 709 1005 749 una
1036 688 1247 750 somno
1287 693 1636 751 moriunsur
1670 689 1875 752 obeso.

278 826 741 906 Romulidarum
776 827 960 908 igitur
989 827 1170 911 longa
1204 826 1263 889 &
1291 831 1515 913 gravis,
1562 831 1859 902 exitium,
1904 850 2045 910 pax.
2170 832 2180 838 “

360 965 499 1046 Hoc
528 927 746 1030 fabelia
776 965 962 1025 modo
993 965 1234 1046 pausam
1272 965 1436 1026 facit.
1532 961 1780 1049 Optima
1800 966 2048 1048 posthac

282 1100 454 1166 Musa
491 1101 674 1162 velim
704 1124 949 1164 moneas
971 1140 992 1176 ‚
1041 1102 1158 1163 fine
1194 1125 1305 1183 qua
1335 1095 1484 1172 milii
1522 1105 1678 1166 nulla
1708 1071 1988 1186 voluptass

281 1241 544 1314 Vivere,
591 1242 680 1302 uti
714 1243 1015 1320 quondam
1052 1243 1257 1330 Lydus
1296 1243 1437 1301 dum
1465 1244 1722 1328 Smyrna
1765 1243 2048 1325 peribat,

280 1378 462 1444 Nunc
495 1380 712 1441 itidem
730 1381 1001 1466 ‘migrare
1036 1382 1245 1443 velint.
1293 1378 1411 1445 Vel
1450 1382 1709 1464 denique
1744 1382 2007 1461 quidvis,

280 1518 369 1578 Ut
404 1520 554 1591 dea,
600 1493 817 1603 quaere
852 1518 1031 1584 aliud.
1122 1518 1394 1580 Tantum
1428 1520 1704 1583 Romana
1741 1518 1960 1582 Caleno

282 1656 565 1730 Moenia,
608 1655 908 1737 jucundos
943 1658 1290 1743 pariterque
1326 1677 1534 1720 averte
1567 1659 1844 1719 Sabinos.

280 1794 444 1856 Haec
476 1813 613 1876 ego.
704 1793 867 1854 Tum
900 1797 1107 1877 paucis
1147 1797 1257 1854 dea
1290 1816 1386 1855 me
1422 1797 1725 1879 dignarier
1761 1797 1928 1857 infit:

280 1931 447 1996 Pone
479 1948 674 1995 metus
706 1952 924 2012 aequos
946 1968 967 2006 ,
1015 1932 1238 1993 cultrix
1267 1956 1421 1997 mea.
1512 1936 1755 2003 Summa
1787 1953 2048 2018 tyranno

277 2071 442 2134 Haec
477 2068 695 2133 instant
723 2070 864 2130 odia
885 2104 925 2153 ‚¹
956 2068 1016 2133 ὃ(
1053 2070 1258 2166 nostro
1291 2075 1593 2155 periturus
1621 2074 1856 2136 honore
1889 2076 1990 2136 est.

280 2207 436 2271 Nam
474 2209 702 2270 laureta
735 2207 998 2282 Numae,
1043 2206 1357 2290 fontesque
1395 2208 1739 2272 habitamus
1778 2213 2045 2284 eosdem,

279 2343 361 2407 Et
398 2348 622 2409 comite
654 2342 876 2429 Egeria
910 2346 1180 2408 ridemus
1209 2349 1411 2410 inania
1443 2342 1679 2431 coepta.

283 2483 467 2555 Vive,
498 2484 657 2556 vale,
688 2501 892 2547 manet
911 2483 1072 2569 hunc
1105 2487 1430 2567 pulchrum
1452 2486 1553 2549 sua
1572 2486 1728 2550 fama
1747 2492 2044 2553 dolorem.

284 2618 589 2687 Musarum
624 2620 883 2704 spondet
919 2621 1140 2689 chorus
1163 2661 1183 2698 ,
1232 2624 1292 2689 ὃ(
1324 2625 1635 2688 Romanus
1667 2628 1915 2710 Apollo·
