2307 3873
357 246 445 333 ff
836 249 1636 331 JUVENALIS

354 418 505 480 Cum
537 419 730 482 fuerit
752 427 784 494 ‚‘
820 422 971 513 clara
1002 422 1325 482 Lateranus
1363 424 1493 488 luce
1526 425 1827 509 flagellum

355 557 606 631 sumet,
654 559 717 623 &
751 508 1062 620 occursum
1100 568 1402 648 nunquam
1435 562 1766 644 trepidabit
1802 567 1977 625 amici

353 696 487 776 Jarn
518 696 708 769 senis,
755 718 823 757 ac
858 699 1027 782 virga
1061 700 1235 781 prior
1274 717 1519 773 annuet,
1568 718 1742 780 atque
1773 702 2073 784 maniplos

350 834 592 906 Solvet,
642 833 701 895 ὃ(
736 835 1017 896 infundet
1049 808 1339 913 jumentis
1377 837 1604 899 hordea
1638 838 1805 900 lassis·

349 971 586 1033 Interea
609 1011 628 1045 ‚
676 975 817 1033 dum
848 975 1070 1035 lanatas
1093 1015 1113 1048 ·,
1149 957 1519 1055 'torvumque
1553 974 1875 1053 juvencum

346 1109 531 1171 More
566 1112 802 1173 Numae
840 1115 1034 1175 caedit
1065 1115 1233 1194 Jovis
1270 1132 1404 1176 ante
1444 1115 1685 1187 altaria,
1725 1114 1886 1192 jurat

346 1252 551 1310 Solam
574 1249 849 1332 Eponam
871 1251 1126 1315 &facies
1146 1254 1309 1314 olida
1342 1254 1412 1312 ad
1447 1252 1757 1334 praesepia
1792 1253 1992 1333 pietas.

346 1392 466 1451 Sed
515 1412 650 1450 cum
681 1392 1003 1476 pervigiles
1036 1393 1235 1474 placet
1271 1392 1592 1452 instaurare
1622 1392 1912 1472 popinas3
1998 1407 2002 1409 ’

350 1527 587 1589 Obvius
623 1508 845 1588 'affiduo
883 1528 1314 1610 Syrophoenix
1348 1528 1495 1586 udus
1534 1544 1774 1586 amomo

348 1664 551 1723 Currit
572 1701 591 1735 ,
638 1666 955 1725 Idumaeae
985 1663 1416 1746 Syrophoenix
1451 1662 1647 1747 incola
1679 1680 1895 1742 portae
1918 1702 1936 1737 9

342 1799 626 1878 Hospitis
660 1797 869 1858 affectu
902 1802 1213 1858 dominum
1237 1836 1254 1871 ‚
1301 1817 1624 1879 regemque
1659 1797 1906 1872 salutat,

341 1933 425 1998 Et
462 1957 596 1996 cum
631 1936 827 1995 venali
865 1935 1062 2017 Cyane
1101 1934 1385 1998 succincta
1418 1934 1646 2021 lagena.

420 2057 730 2136 'Defensor
764 2063 972 2156 culpae
1008 2076 1169 2138 dicet
1203 2076 1391 2149 mihi,
1438 2075 1686 2169 fecimus
1724 2076 1919 2138 &nos

344 2214 515 2273 Haec
546 2212 816 2290 juvenes,
866 2211 1044 2286 Esto;
1093 2214 1278 2274 desisti
1319 2237 1564 2301 nempe,
1610 2236 1722 2273 nec
1755 2214 1910 2274 ultra

343 2351 577 2414 Fo'visti
617 2372 908 2414 errorem.
956 2352 1153 2415 Breve
1186 2353 1277 2426 fit,
1327 2355 1484 2434 quod
1524 2353 1781 2434 turpiter
1818 2354 2018 2416 audes·

347 2495 666 2575 Quaedam
706 2515 840 2551 cum
869 2494 1071 2572 prima
1098 2493 1444 2554 resecentur
1475 2493 1721 2553 crimina
1769 2493 1977 2566 barba,

341 2631 593 2711 Indulge
623 2632 863 2690 veniam
892 2632 1123 2710 pueris.
1210 2599 1538 2691 Lateranus!
1573 2632 1644 2690 ad
1678 2629 1811 2690 illos

342 2768 751 2830 Thermarum
783 2769 999 2828 calices
1022 2805 1041 2841 ‚
1087 2766 1495 2848 inscriptaque
1527 2770 1712 2827 lintea
1743 2765 1934 2839 vadit,

344 2907 622 2971 Maturus
659 2908 819 2968 bello
841 2945 860 2982 ‚
907 2906 1236 2967 Armeniae
1270 2909 1591 2990 Syriaeque
1626 2905 1858 2966 tuendis

344 3044 665 3136 Amnibus7
714 3044 775 3108 &
810 3025 1057 3119 Rheno,
1105 3062 1278 3124 atque
1318 3047 1461 3107 Istro
1479 3043 1769 3126 praestare
1789 3027 2102 3142 Neronem

348 3179 638 3244 Securum
675 3186 838 3247 valet
868 3184 1018 3245 haec
1046 3202 1229 3246 aetas,
1275 3186 1462 3247 Mitte
1493 3151 1934 3257 ostia‚sscaesar‚

345 3319 571 3382 Mitte:
619 3322 720 3384 sed
759 3326 823 3385 in
855 3344 1067 3408 magna
1102 3325 1368 3407 legatum
1402 3345 1618 3402 quaere
1655 3326 1920 3407 popina.¹

1921 3472 2020 3531 In·-
