2307 3873
274 244 402 310 120
753 226 1640 313 JquNAms

278 407 538 486 Semper
570 401 741 464 clade
769 400 984 462 domus
1016 401 1222 463 multis
1253 403 1318 461 in
1348 401 1632 474 luffibus,
1676 401 1860 483 inque

202 612 205 613 ⁷
282 545 586 625 Perpetuo
618 558 940 612 moerore,
989 537 1052 600 &
1082 540 1259 623 nigra
1289 540 1451 611 veste
1486 535 1809 600 senescant.

206 734 213 737 ,
282 683 422 744 Rex
454 680 697 764 Pylius,
743 696 963 762 magno
1009 677 1049 735 fi
1078 678 1401 757 quidquam
1436 678 1631 739 credis
1669 677 1969 753 Homero,

224 860 230 875 ,
286 816 656 899 Exemplum
688 816 848 877 vitae
876 813 995 876 fuit
1023 835 1055 876 a
1092 817 1338 877 cornice
1370 794 1683 877 secundae.

156 994 199 1005 --
284 955 463 1019 Felix
496 956 789 1016 nimirum
808 991 829 1029 ‚
876 936 980 1035 qui
1018 969 1112 1015 tot
1138 973 1254 1037 per
1281 949 1473 1014 secula
1501 938 1767 1018 mortem

287 1095 574 1170 Distulit,
620 1110 797 1173 atque
830 1091 963 1154 suos
1000 1082 1124 1170 jam
1161 1093 1373 1153 dextra
1406 1109 1721 1196 computat
1748 1115 1957 1171 annos,

291 1233 541 1317 Quique
563 1253 788 1327 novum
820 1232 1005 1293 toties
1035 1230 1293 1291 mustum
1313 1228 1506 1292 bibit.-
1542 1229 1698 1306 Oro,
1729 1253 2059 1317 parumper
2097 1322 2098 1325 Ἴ

286 1369 622 1448 Attendas,
670 1386 958 1451 quantum
989 1370 1065 1432 de
1093 1369 1335 1458 legibus
1373 1367 1504 1452 ipse
1541 1389 1823 1451 queratur
1937 1398 1940 1403 ·

125 1498 141 1512 ’
248 1500 251 1503 ’
285 1507 621 1589 Fatorum,
668 1507 729 1571 8(
762 1510 957 1570 nimio
992 1509 1069 1569 de
1106 1509 1354 1571 stamine
1375 1546 1397 1581 ,
1444 1528 1581 1568 cum
1616 1509 1775 1570 vidit
1803 1506 1955 1571 acris

279 1644 594 1707 Antilochi
633 1616 881 1709 barbam
913 1648 1259 1709 ardentem:
1307 1668 1444 1707 cum
1471 1647 1705 1725 quaerit
1723 1646 1796 1707 ab
1813 1650 2009 1722 omni,

296 1754 589 1866 Quisquis
626 1785 783 1845 adest
814 1780 1046 1858 socius,
1093 1805 1201 1845 cur
1232 1783 1384 1846 haec
1411 1787 1475 1845 in
1507 1800 1782 1865 tempora
1810 1787 2010 1861 duret,
2043 1755 2053 1772 .

295 1920 486 2005 Qod
514 1919 747 1983 facinus
783 1924 1031 2008 dignum
1066 1896 1190 1985 tam
1219 1923 1414 2009 longo
1437 1920 1747 1985 admiserit
1777 1933 1970 1988 aevo?

290 2062 460 2123 Haec
491 2062 703 2123 eadem
736 2060 947 2125 Peleus
969 2101 990 2137 ‚
1018 2078 1280 2148 ’raptum
1318 2085 1453 2125 cum
1486 2063 1655 2149 luget
1684 2048 2012 2139 Achillem,

292 2198 493 2280 Atque
528 2200 716 2272 alius,
762 2200 857 2260 cui
888 2198 975 2262 fas
1011 2199 1284 2261 Ithacum
1312 2201 1522 2286 lugere
1558 2218 1887 2263 natantem.

298 2337 597 2401 Incolumi
632 2336 827 2417 Troja
844 2337 1116 2404 Priamus
1150 2336 1401 2402 veniss‘et
1431 2342 1503 2401 ad
1537 2340 1778 2401 umbras

294 2475 557 2539 Assaraci
588 2479 820 2564 magnis
849 2464 1193 2574 solennibus
1213 2516 1235 2553 ‚
1280 2431 1541 2541 lie-&ore
1574 2480 1753 2540 funus

294 2613 624 2686 portante,
668 2634 734 2675 ac
767 2618 1005 2698 reliquis
1039 2617 1299 2678 fratrum
1329 2616 1708 2710 cervicibu„
1751 2616 1910 2675 inter

296 2752 554 2813 Iliadum
590 2752 883 2842 lacrymas
904 2792 922 2827 ‚
972 2773 1038 2817 ut
1067 2756 1301 2837 primos
1336 2758 1516 2817 edere
1551 2753 1815 2837 planetus

293 2887 603 2952 Cassandra
632 2860 968 2974 inciperet,
1014 2892 1294 2973 scissaque
1324 2894 1630 2977 Polyxena
1661 2891 1856 2972 pallaz

293 3029 356 3088 si
376 3028 552 3097 „foret
585 3021 903 3092 exsti'nstus
940 3030 1180 3095 diverso
1209 3049 1487 3114 tempore
1508 3068 1528 3104 ‚
1576 3051 1691 3110 quo
1721 3051 1847 3091 non

292 3163 593 3248 Coeperat
625 3171 876 3231 audaces
908 3170 1073 3231 Paris
1119 3173 1435 3232 aedificare
1469 3171 1728 3262 carinas.

290 3305 499 3391 Longa
537 3308 663 3370 dies
697 3309 888 3393 igitur
922 3309 1064 3389 quid
1098 3309 1398 3372 contulit?
1445 3311 1646 3401 omnia
1677 3309 1831 3372 vidit

569 3459 592 3503 N
