2307 3873
713 269 1247 332 sATYRA
1333 267 1415 334 v.
1745 237 1933 369 ’πο-ἕ

172 443 268 508 Ἐκ
296 446 566 518 mpdicus
602 444 776 517 voti,
822 441 1018 525 presso
1045 444 1172 508 lare
1195 478 1213 514 ,
1262 441 1448 510 dulcis
1487 441 1725 500 amicis?

170 541 316 664 'Jam
349 603 507 643 nunc
541 581 863 665 a'dstringas
883 619 903 654 ,
947 579 1067 657 jam
1105 600 1277 672 nunc²
1297 578 1564 662 granaria
1592 579 1790 650 laxes:

182 722 369 803 Inque
398 723 529 781 luto
565 721 750 780 fixum
780 715 965 799 poss'ui
988 718 1405 780 transcendere
1437 736 1787 777 nummumz

181 859 314 930 Nec
350 860 518 941 gluto
551 844 793 916 sorbere
820 853 1058 916 salivam
1094 855 1559 918 Mercurialem?

179 996 347 1057 Haec
378 1014 509 1054 mea
544 993 678 1054 sunt
699 1032 719 1066 ‚
764 1011 978 1064 teneo,
1025 1013 1161 1052 cum
1192 1016 1332 1054 vere
1365 993 1612 1064 dixeris,
1637 1029 1638 1032 =
1659 991 1779 1053 esto

177 1132 502 1211 Liberque,
549 1150 616 1191 ac
647 1126 904 1211 sapiens,
935 1131 1342 1211 praetoribus,
1374 1152 1440 1192 ac
1467 1132 1616 1209 Jove
1652 1133 1888 1192 dextro.

179 1271 284 1330 Sin
320 1286 427 1341 tu,
475 1289 610 1329 cum
638 1266 820 1328 fueris
856 1269 1087 1331 nostrae
1120 1269 1302 1348 paulo
1340 1266 1761 1341 ante·farinae‚

177 1404 523 1468 Pelliculam
556 1422 827 1467 veterem
857 1407 1118 1479 retineS,
1166 1403 1228 1468 δι
1257 1402 1462 1465 fronte
1492 1405 1720 1485 politus

148 1540 448 1620 ’Astutam
476 1539 699 1626 vapido
729 1543 921 1606 servas
955 1541 1058 1603 sub
1091 1545 1336 1625 pestere
1372 1542 1650 1636 vulpem:

179 1679 356 1762 Quae
394 1683 673 1774 dederam
713 1682 889 1764 supra
923 1698 1138 1763 repete
1159 1718 1180 1756 ,
1227 1679 1551 1759 funemque,
1583 1682 1828 1743 reduco.

175 1815 286 1876 Nil
315 1818 430 1879 tibi
458 1818 734 1882 concessit
759 1821 913 1881 ratio
933 1858 955 1893 ‚
1003 1821 1260 1904 digitum
1295 1839 1470 1880 exere
1493 1855 1512 1891 ,
1557 1840 1805 1900 peccas:

82 1994 93 2005 ·
175 1952 261 2016 Et
290 1957 428 2033 quid
458 1960 579 2015 ta‘m
605 1978 856 2038 parvum
887 1959 1007 2017 est?
1055 1957 1156 2018 sed
1181 1959 1344 2018 nullo
1375 1958 1551 2019 thure
1590 1959 1821 2030 litabit,

175 2091 441 2175 Haereat
475 2094 540 2153 in
568 2094 753 2153 stultis
788 2094 992 2152 brevis
1028 2111 1096 2153 ut
1124 2093 1423 2155 semuncia
1455 2095 1622 2152 resti.

158 2227 346 2289 ‚Haec
379 2229 628 2292 miscere
657 2230 823 2291 nefas
841 2226 867 2289 τ’
904 2252 1015 2291 nec
1050 2252 1187 2291 cum
1222 2232 1292 2291 fis
1330 2246 1562 2291 caetera
1596 2227 1805 2303 fossor,

176 2365 359 2425 Treis
394 2382 625 2427 tantum
662 2369 736 2428 ad
766 2387 1050 2426 numeros
1086 2366 1270 2450 satyri
1306 2387 1586 2428 moveare
1602 2364 1889 2447 Bathylli.

176 2501 371 2579 Libet·
397 2525 535 2588 ego,
571 2506 729 2564 unde
751 2506 953 2565 datum
969 2502 1089 2564 hoc
1103 2503 1283 2565 sumis
1304 2521 1399 2566 tot
1415 2503 1653 2565 subdite
1668 2502 1847 2566 rebus
1866 2510 1893 2563 ἒ
1927 2551 1936 2562 .

176 2638 279 2721 An
317 2643 625 2703 dominum
664 2634 943 2727 ignoras',
987 2643 1091 2704 nifi
1121 2665 1298 2724 quem
1330 2645 1590 2706 vindista
1622 2645 1892 2705 relaxat?

177 2777 209 2837 1
243 2801 398 2861 puer
421 2818 439 2853 ‚
489 2780 549 2843 &
584 2781 837 2865 strigiles
870 2780 1128 2863 Crispini
1167 2784 1239 2842 ad
1274 2783 1482 2842 balnea
1508 2779 1696 2843 defer.

174 2916 243 2974 si
278 2919 579 2999 increpuit
601 2957 621 2992 ‚
668 2916 845 2981 celsas
884 2927 1182 3004 nugator?
1230 2919 1539 2981 servitium
1569 2941 1704 2981 acre

172 3051 273 3113 Te
307 3052 463 3111 nihil
488 3057 783 3137 impellit:
829 3080 942 3120 nec
978 3060 1290 3138 quicquam
1323 3056 1691 3118 extrinsecus
1725 3057 1960 3133 intrat,¹

171 3187 365 3270 Quod
402 3210 620 3252 nervos
658 3196 861 3277 agitet.
909 3197 1025 3256 Sed
1046 3196 1085 3253 fi
1106 3196 1288 3277 intus,
1337 3193 1398 3257 ὃ(
1430 3196 1493 3253 in
1518 3192 1723 3270 jecore
1742 3215 1923 3279 aega-o

171 3324 511 3389 Nascantur
545 3330 817 3405 domini,
864 3335 961 3413 qui
999 3351 1063 3393 tu
1099 3333 1462 3413 impunitior
1490 3333 1642 3407 exis,
1727 3392 1728 3395 ,
