2307 3873
765 245 1594 308 SATYRA11.··

230 422 433 482 NEMO
464 437 712 502 repente
748 417 865 480 fuit
891 417 1275 502 turpissimus.
1373 419 1701 501 Accipient
1734 437 1793 480 te

235 559 523 620 Paulatim
543 595 564 632 ‚
610 559 709 638 qui
739 558 921 642 longa
955 558 1121 622 domi
1157 558 1510 620 redimicula
1544 556 1784 621 sumunt

230 695 600 770 Frontibus,
647 694 877 761 &toto
911 695 1162 778 posuere
1201 664 1447 758 monilia
1483 697 1665 771 collo,

170 895 178 907 ,
228 835 426 915 Atque
458 832 689 903 Bonam
720 853 960 897 tenerae
994 836 1232 916 placant
1265 834 1588 895 abdomine
1634 856 1882 916 porcae,

228 971 313 1036 Et
336 989 553 1056 magno
585 991 812 1035 cratere
850 975 1078 1034 Deam:
1122 949 1226 1033 sed
1260 992 1431 1034 more
1463 972 1693 1032 smistr·
1772 1020 1779 1025 .

226 1109 543 1195 Exagitata
575 1111 792 1192 procul
825 1133 948 1170 non
984 1114 1169 1174 intrat
1198 1109 1462 1172 foemina
1497 1110 1701 1170 limen.

135 1302 136 1307 ,
225 1248 384 1308 Solis
424 1268 522 1308 ara
559 1249 728 1307 Deae·
752 1247 1012 1307 maribus
1051 1266 1242 1329 patet.
1330 1249 1419 1310 Ite
1454 1249 1783 1329 profanae!

225 1382 570 1445 Clamatur:
617 1380 780 1440 nullo
817 1383 1006 1463 gemit
1039 1381 1179 1441 heic
1217 1380 1461 1442 tibicina
1494 1402 1701 1441 cornu.

225 1518 404 1581 Talia
438 1517 664 1590 secreta
698 1519 1013 1589 coluerunt
1047 1517 1235 1604 Orgia
1284 1521 1455 1581 taeda
1493 1488 1503 1497 ο

224 1656 586 1740 Cecropiam>
615 1656 774 1718 soliti
807 1656 1035 1739 Baptae
1065 1655 1268 1718 laffare
1305 1655 1577 1743 Cotytto.

226 1794 333 1855 Ille
363 1792 742 1876 supercilium
770 1796 1010 1856 madida
1043 1794 1295 1882 fuligine
1328 1797 1547 1859 taaum
1604 1830 1609 1841 ι

224 1930 486 2014 Obliqua
517 1936 802 2017 producit
839 1956 987 2009 acu,
1030 1938 1349 2022 pingitque
1386 1946 1737 2006 trementeis

218 2069 518 2131 Attollens
547 2074 786 2136 oculos:
831 2076 1027 2145 vitreo
1061 2074 1217 2137 bibit
1251 2076 1355 2138 ille
1389 2077 1641 2162 Priapo,

215 2207 677 2292 Reticulumque
714 2215 900 2274 comis
927 2232 1198 2275 auratum
1226 2216 1569 2301 ingentibus
1601 2220 1848 2303 implet,

216 2341 508 2407 Coerulea
541 2348 783 2407 indutus·
815 2348 1136 2421 scutulata,
1184 2368 1283 2409 aut
1318 2355 1556 2435 galbina
1587 2357 1737 2429 rasa,

213 2478 300 2541 Et
331 2500 446 2561 per
476 2457 780 2561 Junbnem
816 2481 1047 2543 domini
1070 2479 1305 2560 jurante
1341 2459 1628 2551 ministro.

214 2617 324 2677 llle
350 2635 516 2679 tenet
545 2617 846 2700 speculum
868 2657 891 2694 ‚
932 2620 1163 2704 pathici
1190 2623 1487 2708 gestamen
1521 2605 1808 2712 Othonis,

159 2743 162 2746 ¹
213 2755 445 2820 Afforis
474 2756 746 2820 Aurunci
775 2759 1062 2844 spolium:
1109 2784 1231 2844 quo
1260 2762 1317 2825 se
1350 2765 1451 2825 ille
1483 2770 1721 2835 videbat

215 2894 568 2970 Armatum‚
617 2920 752 2958 cum
783 2899 905 2977 jam
945 2903 1075 2964 tolli
1114 2903 1337 2964 vexilla
1361 2903 1623 2982 juberet.

169 3091 172 3096 .
213 3035 335 3094 Res
365 3025 750 3115 memoranda
786 3042 959 3132 novis
992 3009 1301 3102 annalibus
1324 3081 1344 3117 ,
1408 3051 1584 3127 atque
1619 3058 1846 3118 recenti

113 3163 122 3166 ¹
213 3171 538 3263 Historias
572 3176 876 3258 speculum
906 3180 1096 3241 civilis
1134 3179 1359 3243 sarcina
1411 3183 1585 3247 belli.'

211 3307 518 3375 Nimirum
549 3316 766 3380 summi
803 3319 1082 3380 ducisest
1116 3324 1395 3384 occidere
1452 3327 1729 3403 Galbam,

1914 258 1990 320 13
