2307 3873
343 262 516 345 ιη·
811 240 1618 345 ΙυνΕΝΑιῚε

419 442 653 520 Sponte
684 454 884 499 tamen
908 436 1159 515 juvenes
1194 439 1511 501 imitantur
1543 455 1778 503 cetera:
1839 442 2023 505 solam

337 578 524 639 Inviti
562 542 1148 671 quoque·ava''ritiam
1183 598 1469 639 exercere
1503 579 1810 657 jubentur.

333 714 383 776 F
405 727 558 774 ALL
579 728 664 773 11·
707 718 871 775 enim
907 716 1127 776 vitium
1161 715 1363 798 specie
1395 718 1643 779 virtutis
1675 716 1737 780 &
1781 717 2019 793 umbra,

333 852 484 914 Cum
521 851 589 911 sit
621 852 783 914 triste
816 851 1031 914 habitu
1068 854 1358 935 vultuque
1390 854 1450 917 &
1477 856 1638 917 veste
1668 855 1936 917 severum
1956 894 1976 929 ,

330 989 466 1052 Nec
500 987 679 1050 dubie
702 1028 722 1063 ‚
770 1008 1046 1070 tanquam
1081 990 1287 1077 frugi,
1333 993 1606 1054 laudetur
1639 1013 1876 1065 avarus,

331 1129 647 1209 Tanquam
682 1150 895 1210 parcus
932 1129 1159 1203 homo,
1207 1130 1270 1192 &
1298 1151 1504 1192 rerum
1536 1133 1725 1193 tutela
1760 1130 1995 1192 suarum

337 1266 516 1329 Certa
555 1268 743 1351 magis
765 1304 784 1337 ‚
849 1287 1022 1346 quam
1057 1268 1096 1328 fi
1135 1266 1408 1331 fortunas
1442 1269 1642 1331 servet
1675 1267 1911 1331 easdem

331 1405 738 1488 Hesperidum
761 1402 1003 1486 serpens
1025 1425 1126 1469 aut
1145 1406 1451 1468 Ponticus.
1471 1407 1647 1468 Adde
1668 1404 1826 1487 quod
1848 1406 2114 1481 hu·nc‚de

334 1548 484 1629 (Quo
523 1547 765 1623 lo'quor,
812 1545 1118 1626 egregium
1149 1545 1412 1625 populus
1444 1561 1618 1624 putat
1650 1544 2006 1623 adquirendi

334 1682 689 1743 Artificem:
738 1682 961 1761 quippe
988 1678 1088 1753 *his
1119 1679 1394 1742 crescunt
1421 1683 1790 1760 patrimonia
1809 1680 2022 1756 fabris.
2105 1672 2110 1687 ’

333 1821 451 1879 Sed
484 1817 757 1877 crescunt
792 1837 1144 1894 quocunque
1183 1818 1408 1888 mode,
1456 1816 1800 1897 majoraque
1829 1818 1981 1879 fiunt

335 1958 559 2018 Incude
598 1953 853 2026 assidua,
901 1952 1255 2035 semperque
1292 1957 1540 2015 ardente
1589 1956 1849 2017 camino.

337 2095 418 2157 Et
450 2112 627 2181 pater
665 2113 811 2177 ergo
847 2094 1030 2153 animi
1069 2091 1287 2155 felices
1316 2095 1507 2154 credit
1537 2114 1772 2167 avar08,

332 2235 461 2316 Qui
492 2235 745 2293 miratur
778 2253 966 2313 opes,
1015 2232 1116 2312 qui
1151 2232 1311 2320 nulla
1346 2231 1625 2315 exempla
1664 2230 1828 2293 beati

333 2372 620 2455 Pauperis
655 2368 769 2431 esse
801 2375 1007 2453 putat:
1031 2369 1308 2449 -juvenes
1344 2369 1626 2438 hortatur
1646 2409 1668 2444 ,
1713 2351 1783 2432 ut
1815 2370 1980 2432 illam

336 2489 432 2570 Ire
467 2512 626 2570 viam
654 2527 951 2594 pergant,
997 2507 1059 2571 δι
1092 2510 1289 2570 eidem
1324 2509 1680 2571 incumbere
1712 2507 1920 2571 festae.

334 2649 373 2705 S
392 2659 436 2706 U
454 2660 499 2704 N
517 2660 557 2705 T
590 2649 877 2725 quaedam
897 2647 1186 2709 vitiorum
1198 2611 1502 2716 ‘elementa
1524 2665 1539 2707 ε
1560 2645 1653 2707 his
1672 2646 1951 2728 protinus
1968 2645 2107 2707 ilios

340 2783 603 2857 imbuit,
652 2764 909 2869 &cogit
939 2784 1219 2845 minimas
1257 2782 1522 2846 ediscere
1556 2783 1800 2847 sordes:

336 2922 493 2984 Mox
525 2923 883 3029 adquirendi
921 2924 1101 2983 docet
1129 2921 1471 2984 insatiabile
1503 2938 1736 2985 votum.

339 3064 667 3123 Servorum
700 3078 944 3123 ventres
983 3063 1194 3124 modio
1231 3061 1472 3145 castigat
1502 3059 1732 3138 iniquo,

263 3187 278 3250 ἶ
341 3195 474 3276 Ipse
521 3221 757 3279 quoque
807 3199 1109 3262 esuriens:
1189 3221 1382 3280 neque
1420 3200 1582 3260 enim
1621 3198 1827 3259 omnia
1876 3194 2115 3259 sustinet

1062 3397 1069 3426 Ι
1426 3357 1683 3417 unquam
