2307 3873
721 263 1467 338 sATYRAVt.
1889 263 1978 364 §5

205 441 525 529 Quaedam
555 442 629 502 de
661 462 915 503 numero
953 443 1293 505 Lamiarum
1330 461 1397 503 ac
1427 440 1690 502 nominis
1719 435 1850 513 alti,
1917 509 1920 510 ⁷

196 580 288 646 Et
319 582 473 643 farre
508 578 569 643 &
598 581 739 642 vino
772 581 988 658 Janum
1020 580 1382 661 Vestamque
1408 578 1686 664 rogabat,

202 719 303 782 An
334 718 736 799 Capitolinam
770 719 1025 781 deberet
1058 717 1255 779 Pollio
1284 737 1569 797 quercum

200 859 491 941 sperare,
539 854 601 918 &
635 856 853 917 fidibus
871 857 1273 938 promittere3
1320 856 1462 936 quid
1495 853 1722 918 faceret
1750 850 1883 937 plus

201 995 582 1078 Aegrotante
614 995 790 1056 viro?
834 996 1086 1056 medicis
1127 994 1272 1074 quid
1305 992 1564 1055 tristibus
1597 1013 1739 1077 erga

92 1167 95 1174 ·
200 1129 531 1193 Filiolam!
578 1132 742 1193 stetit
774 1148 911 1192 ante
943 1151 1105 1193 aram
1126 1168 1148 1205 ,
1192 1151 1306 1193 nec
1339 1149 1517 1213 turpe
1550 1131 1783 1213 putavit

202 1267 325 1330 Pro
363 1269 824 1331 cithara'velare
853 1287 1063 1349 caput:
1112 1270 1436 1348 diaataque
1468 1268 1659 1330 verba

129 1383 141 1393 ’
204 1405 468 1466 Pertulit
489 1441 529 1478 ‚.
555 1419 623 1464 ut
656 1424 790 1464 mos
827 1404 930 1476 est,
978 1403 1040 1466 ἃ
1072 1419 1284 1485 aperta
1312 1404 1523 1484 palluit
1555 1421 1725 1485 agna.

202 1545 325 1604 Dic
354 1541 506 1602 mihi
535 1563 730 1636 nunc?
777 1541 989 1621 quaeso
1015 1581 1035 1615 ‚
1081 1544 1190 1602 dic‘
1214 1538 1606 1623 antiquissime
1637 1541 1842 1603 divum
1863 1575 1883 1613 ,
1927 1603 1932 1610 ,

76 1699 81 1704 ’
204 1678 562 1760 Respondes
589 1678 683 1739 his
711 1681 861 1760 Jane
892 1688 1107 1762 pater?
1151 1700 1367 1766 magna
1395 1681 1519 1742 otia
1547 1680 1728 1753 coeli,

206 1813 354 1877 Non
380 1818 485 1892 est,
531 1835 600 1880 ut
631 1813 810 1880 video
830 1856 853 1893 ,
895 1839 1020 1886 nun
1050 1819 1159 1894 est,
1206 1820 1366 1900 quod
1400 1837 1609 1905 agatur
1642 1818 1803 1900 apud
1831 1834 1968 1883 vos·

209 1927 385 2016 Hane
413 1959 487 2018 de
520 1959 827 2020 comoedis
860 1974 920 2020 te
956 1958 1249 2019 consulit:
1298 1959 1402 2019 illa
1432 1958 1787 2041 tragoedum

100 2126 104 2133 ,
212 2091 652 2157 Commendare
687 2097 894 2171 volet,
939 2095 1241 2157 varicosus
1271 2098 1378 2157 fiet
1408 2095 1729 2175 haruspex.

295 2232 413 2292 Sed
451 2250 650 2294 cantet
684 2190 919 2315 potina,
966 2211 1139 2313 quam
1170 2251 1364 2296 totam
1401 2220 1682 2316 pervolet
1718 2230 1932 2295 urbe-m

216 2367 473 2441 Audax,
506 2368 570 2431 &
601 2380 810 2429 coetus
841 2367 1019 2450 poffit
1053 2376 1202 2447 quae
1232 2370 1399 2441 ferre
1427 2371 1729 2439 virorum,

215 2502 485 2584 Cumque
518 2503 815 2586 paludatis
845 2464 1098 2565 ducibus
1118 2541 1139 2578 ‚
1184 2472 1498 2585 praesente
1528 2502 1777 2574 marim,

216 2641 348 2723 Ipsa
382 2643 546 2722 loqui
579 2644 736 2703 resta
766 2641 918 2703 facie
940 2680 961 2717 ‚
1007 2641 1328 2724 strictisque
1362 2641 1660 2703 mamillis.
1698 2696 1705 2702 .

217 2777 383 2839 Haec
420 2781 628 2841 eadem
660 2783 871 2857 novit,
919 2782 1062 2862 quid
1096 2796 1233 2843 toto
1270 2780 1376 2842 fiat
1399 2782 1463 2840 in
1495 2779 1687 2854 orbe,

224 2916 392 2999 Quid
410 2921 608 2993 Seres,
639 2920 783 2999 quid
801 2919 1069 2981 Thraces
1087 2934 1306 3003 agantz
1352 2916 1579 2979 secreta
1607 2934 1907 3004 novercae

220 3051 308 3114 Et
337 3057 550 3134 pueri:
596 3058 723 3137 quis
752 3074 913 3118 amet
932 3095 953 3130 ‚
1000 3057 1130 3138 quis
1163 3057 1486 3138 diripiatur
1513 3057 1773 3118 adulter.

221 3192 403 3252 Dicet
422 3228 443 3266 ,
489 3195 890 3272 quis'viduarn
921 3211 1353 3279 praegnantem
1384 3193 1604 3256 fecerit
1626 3232 1646 3266 ,
1692 3192 1753 3258 &
1783 3208 1900 3273 quo

220 3326 457 3391 Mense:
477 3329 687 3410 quibus
706 3331 907 3396 verbis
924 3333 1290 3396 concumbat
1306 3333 1796 3414 quaeque‚modis
1816 3336 1988 3419 quot·

1121 3476 1177 3541 E
