2307 3873
311 202 441 297 92?
790 152 1589 309 JffVENALI‘s

308 384 420 446 Nil
449 384 535 443 ibi
574 380 870 460 major-udi
900 381 1193 463 respestus
1218 421 1236 456 ,
1283 387 1470 467 gratia
1500 387 1658 447 nulla

308 492 715 594 Utribrarum,
764 523 1044 581 dominos
1078 524 1301 603 preciis
1332 541 1565 583 mutare
1601 523 1891 600 jubentur

306 661 583 745 Exiguis,
630 661 776 719 trito
816 661 1040 719 ducunt
1074 659 1388 742 epirhedia
1420 662 1578 721 collo

202 814 225 833 ’·
301 799 672 883 segnipedes
697 835 717 869 ,
766 798 1050 881 dignique
1080 799 1306 861 molam
1341 798 1575 859 versare
1611 800 1897 883 Nepotis.

297 936 464 1023 Ergo
490 977 508 1011 ,
553 938 942 997 uir-miremur
976 952 1059 1008 te,
1098 958 1225 996 non
1257 953 1393 1009 tua3
1441 939 1704 1017 primum
1726 940 1944 1019 aliquid
1965 945 2063 1017 da,

284 1077 491 1159 'Quod
523 1073 733 1156 possim
764 1074 953 1135 titulis
992 1075 1259 1134 incidere
1293 1092 1536 1155 praeter
1568 1074 1861 1150 honores,

296 1214 475 1297 Quos
510 1214 629 1274 illis
666 1215 897 1285 damus,
945 1211 1006 1273 &
1043 1213 1343 1287 dedimus,
1390 1213 1605 1292 quibus
1627 1202 1830 1285 omnia
1852 1217 2058 1279 debes-

374 1350 544 1413 Haec
578 1352 710 1412 satis
733 1352 805 1412 ad
831 1351 1140 1429 juvenem,
1162 1317 1337 1429 quem
1357 1351 1534 1411 nobis
1555 1350 1714 1412 fama
1734 1352 2056 1435 superbum

289 1489 539 1563 Tradit,
580 1489 640 1552 ὅ(
661 1492 958 1561 inflatum,
980 1451 1358 1585 'plenu-mque
1389 1487 1640 1548 Nerone
1677 1493 2048 1572 propinquo.

286 1612 484 1688 Rarus
522 1628 685 1689 enirn
719 1604 923 1687 ferme⁴
946 1623 1141 1687 sensus
1177 1626 1511 1691 communis
1545 1627 1607 1685 in
1641 1627 1741 1687 illa

198 1768 203 1771 ’
284 1765 554 1826 Fortuna
576 1803 596 1838 ,
642 1732 744 1826 sed
780 1783 838 1825 te
874 1764 1097 1826 censeri
1131 1764 1308 1824 laude
1342 1781 1609 1836 tuorum,

282 1905 574 1976 Pontice,
621 1902 920 1964 noluerim
940 1940 959 1976 ,
1018 1903 1095 1963 sic
1123 1919 1192 1964 ut
1227 1902 1381 1966 nihil
1413 1902 1541 1985 ipse
1570 1870 1805 1966 futurae

277 2043 493 2102 Laudis
513 2061 666 2126 agas.
728 2040 1057 2102 MISERUM
1076 2043 1160 2104 est
1177 2042 1434 2103 aliorum
1449 2043 1800 2105 incumbere
1820 2043 2038 2116 famae,

275 2180 373 2240 Ne
406 2179 664 2261 collapsa
699 2198 885 2270 ruant=
906 2175 1201 2241 subdufflk
1232 2182 1382 2242 testa
1416 2181 1729 2242 columnis·

274 2321 506 2387 Stratus
541 2281 710 2379 humi
742 2319 971 2400 palmes
1002 2321 1210 2383 viduas
1249 2321 1541 2382 defiderat
1577 2321 1792 2382 ulmos,

269 2457 411 2522 Esto
450 2459 644 2519 bonus
681 2459 856 2520 miles
879 2496 898 2531 ,
947 2476 1113 2520 tutor
1148 2460 1340 2522 bonus
1363 2499 1382 2534 ,
1429 2460 1656 2521 arbiter
1687 2463 1848 2523 idem

269 2595 544 2682 Integer3
593 2596 907 2681 ambiguae
937 2594 976 2653 fi
1014 2597 1248 2674 quando
1285 2595 1552 2655 citabere
1587 2596 1744 2655 testis

265 2734 654 2816 Incertaeque
689 2737 823 2809 rei,
870 2727 1135 2802 Phalaris
1170 2732 1316 2792 licet
1345 2734 1647 2813 imperet,
1679 2698 1753 2792 ⁴ut
1785 2731 1852 2790 fis

257 2871 462 2933 Falsus
487 2912 505 2945 ,
555 2873 616 2935 &
645 2875 890 2934 admoto
926 2873 1107 2932 distet
1136 2868 1398 2951 perjuria
1431 2887 1627 2944 tauro,

259 3011 578 3092 SUMMUM
611 3014 790 3088 crede
821 3010 988 3072 nefas
1019 2976 1287 3071 aninum¹
1306 3009 1614 3091 praeferre
1650 3010 1920 3092 pudori,

253 3148 335 3221 Et
369 3154 846 3232 proptervitarn
880 3150 1128 3213 vivendi
1161 3150 1417 3231 perdere
1453 3147 1689 3211 caussa&

249 3289 479 3373 Dignus
524 3309 722 3354 morte
750 3293 954 3374 perit,
1002 3307 1221 3355 coenet
1247 3292 1391 3354 licet
1423 3291 1613 3355 ostrea
1648 3307 1889 3352 centum
