2307 3873
703 255 1242 320 sATYRA
1325 256 1472 324 vn.
1894 210 1976 337 μ’

218 437 382 499 Nam
402 474 422 510 ,
467 435 506 494 fi
535 432 802 516 Virgilio
833 452 987 512 puer
1024 429 1085 494 &
1117 430 1433 524 tolerabile
1465 427 1684 492 deesset

217 574 599 656 Hospitium,
649 571 929 631 caderent
961 590 1170 631 omnes
1207 589 1240 629 a
1277 568 1541 629 crinibus
1588 567 1808 651 hydri:

220 714 406 773 Surda
435 710 587 771 nihil
624 726 892 793 gemeret
928 726 1108 790 grave
1144 707 1421 770 buccina.
1466 705 1797 782 PoscimuS,
1828 706 1981 770 utfit

218 849 365 910 Non
398 849 598 907 minor
627 848 871 926 antiquo
901 845 1224 905 Rubrenus
1244 844 1449 926 Lappa
1482 844 1809 922 cothurnO,

220 986 403 1063 Cujus
443 983 504 1045 ὅ(
536 985 795 1045 alveolos
819 1020 837 1054 ,
899 981 960 1045 &
990 982 1221 1043 laenam
1253 985 1535 1066 pignerat
1563 983 1811 1043 Atreus·

219 1123 367 1182 Non
398 1121 583 1182 habet
613 1121 827 1180 infelix
857 1119 1189 1190 Numitor,
1235 1120 1396 1211 quod
1426 1123 1630 1180 mittat
1657 1122 1894 1183 amicos·

225 1259 560 1339 Quintillae
592 1256 751 1333 quo'd
786 1228 1010 1326 donet,
1056 1253 1242 1314 habet
1263 1292 1282 1325 ,
1329 1277 1439 1314 nec
1477 1254 1670 1315 defuit
1701 1258 1814 1331 illi,

226 1395 409 1452 Unde
444 1406 672 1451 emeret
700 1390 882 1448 multa
907 1387 1277 1469 pascendum
1310 1407 1482 1448 carne
1507 1391 1747 1450 leonem

225 1528 729 1611 Jam-domitum:
779 1527 1003 1587 constat
1036 1526 1257 1588 leviori
1297 1525 1491 1586 bellua
1522 1525 1719 1611 sumtu

226 1669 573 1738 Nimirum,
622 1664 681 1726 &
711 1667 953 1746 capiunt
982 1666 1116 1747 plus
1148 1634 1422 1725 intestina
1456 1680 1698 1745 poetae:

229 1790 566 1869 Contentus
599 1803 756 1865 fama
787 1803 981 1882 jaceat
1015 1804 1288 1863 Lucanus
1320 1804 1385 1862 in
1416 1800 1611 1863 hortis
1656 1810 1661 1813 ⁷

231 1943 599 2026 marmoreis
621 1963 662 2001 t«
686 1959 745 2002 at
775 1944 1028 2001 Serrano
1051 1979 1071 2016 ,
1134 1943 1418 2022 tenuique
1454 1943 1650 2004 Saleio

161 2061 162 2066 ἵ
237 2084 449 2142 Gloria
483 2079 871 2159 quantalibet,
920 2081 1062 2158 quid
1094 2080 1231 2151 erit,
1278 2081 1320 2139 sl
1353 2080 1541 2164 gloria
1578 2097 1811 2142 tantum
1827 2081 1950 2145 est?

238 2217 508 2278 Curi-itur
540 2218 614 2276 ad
647 2239 860 2278 vocem
889 2203 1252 2294 ju‘cfindam,
1300 2215 1361 2280 &
1393 2209 1631 2278 carmen
1668 2221 1906 2293 amicae„

235 2354 633 2425 Thebaidos,
676 2353 893 2412 laetam
927 2319 1064 2411 eum
1098 2354 1251 2411 fecit
1282 2355 1501 2414 Statius
1536 2356 1797 2428 Urbem,

238 2481 636 2565 Promisitque
665 2488 848 2546 diem.
891 2486 1439 2560 Tantadulcedine
1460 2505 1667 2569 captos
1698 2481 1703 2493 ’

239 2626 444 2690 Afficit
478 2626 578 2685 ine
613 2626 879 2697 animos,
927 2640 1205 2704 tantaque
1241 2624 1498 2687 libidine
1529 2627 1693 2712 vulgi
1730 2611 1735 2616 ’

131 2810 146 2820 ,
242 2766 540 2827 Auditur:
586 2762 729 2836 sed,
776 2784 912 2822 cum
947 2760 1132 2847 fregit
1161 2760 1427 2824 subsellia
1474 2765 1672 2841 versu,

245 2903 449 2965 Esurit
469 2942 490 2977 ,
537 2903 812 2961 intastam
846 2901 1048 2962 Paridi
1083 2901 1193 2959 nifi
1221 2902 1442 2963 vendat
1471 2902 1742 2987 Agaven.

250 3042 357 3100 Ille
388 3040 454 3101 ’ἃ
478 3041 724 3101 militiae
758 3039 1251 3123 ,multisjlargitur
1284 3038 1608 3116 honorem,

252 3177 531 3239 Semestri
563 3192 764 3237 vatum
801 3178 1023 3261 digitos
1056 3178 1434 3261 circumligat
1464 3199 1632 3240 auro·
1716 3208 1721 3216 ·

185 3361 198 3369 .
256 3315 446 3396 Quod
461 3336 585 3373 non
602 3314 743 3374 dant
757 3335 1065 3396 proceres,
1086 3315 1252 3376 dabit
1265 3313 1473 3377 histrio
1491 3338 1510 3389 3
1544 3334 1623 3379 -tu
1642 3314 2017 3394 Camerinos,

1129 3439 1218 3561 ,Ἑν
