2307 3873
314 239 412 309 ’ῃ
808 230 1604 314 JUVENALIS

329 408 396 468 Si
427 422 606 468 vocat
638 404 898 467 officium
920 444 942 481 ,
990 406 1169 471 turba
1201 407 1451 468 cedente
1479 401 1737 470 vehetur

325 547 540 619 Dives,
588 545 650 608 &
679 547 911 630 ingenti
940 563 1141 607 curret
1171 545 1350 626 super
1384 565 1491 606 ora
1527 522 1798 619 liburno,

328 684 527 765 Atque
557 683 762 744 obiter
792 683 981 768 leget,
1027 701 1129 744 aut
1155 681 1403 757 scribet,
1450 684 1550 745 vel
1578 685 1841 745 dormiet
1860 685 2046 746 intus.

324 814 605 903 Namque
641 820 788 884 facit
832 792 1109 883 somniim
1144 820 1338 882 clausa
1374 822 1581 909 lectica
1612 820 1888 883 fenestra.

263 1039 273 1045 ἱ
318 957 485 1020 Ante
523 976 726 1021 tamen
759 962 1006 1022 venietz
1069 959 1250 1021 nobis
1285 960 1759 1041 properantibus
1793 960 1990 1023 obstat

320 1095 505 1158 Unda
535 1100 746 1183 prior:
790 1119 1013 1184 magno
1026 1098 1291 1182 populus
1321 1097 1549 1179 premit
1564 1098 1803 1182 agmine
1820 1098 2093 1174 lumboS,

289 1233 456 1318 ·Qui
488 1209 795 1314 sequitur;
837 1236 985 1298 ferit
1018 1234 1366 1297 hic'cubito
1389 1273 1420 1317 ,⁴
1455 1235 1604 1298 ferit
1635 1235 1819 1299 assere
1853 1237 2001 1297 duro
2029 1311 2040 1331 τ

320 1370 535 1436 Alter:
584 1391 645 1435 at
678 1372 779 1434 hic
815 1375 1050 1460 tignum
1084 1375 1270 1456 capiti
1299 1374 1544 1447 incutit,
1578 1375 1679 1435 ille
1697 1392 2045 1436 metretam.

239 1520 240 1525 ’
314 1488 573 1596 Pinguia
605 1531 777 1572 crura
810 1512 998 1585 luto,
1021 1511 1231 1591 planta
1263 1514 1417 1568 mox‘
1444 1509 1704 1587 undique
1740 1530 1958 1593 magna

318 1646 571 1721 Calcor,
618 1642 686 1711 δι’
714 1648 774 1708 in
811 1649 1002 1733 digito
1034 1647 1234 1707 clavus
1273 1643 1429 1705 mihi
1467 1645 1676 1705 militis
1702 1644 1937 1709 haeret.

397 1783 628 1845 Nonne
642 1786 813 1847 vides
837 1826 857 1859 ,
903 1790 1124 1866 quanto
1157 1782 1501 1844 celebretur
1531 1783 1795 1865 sportula
1829 1783 2040 1847 fumo!
2100 1815 2107 1823 ·

309 1921 571 1988 Centum
604 1925 942 1994 convivae:
1005 1919 1275 2004 sequitur
1311 1921 1410 1983 sua
1448 1944 1741 2004 quemque
1775 1925 1992 1988 culina.

314 2061 584 2127 Corbulo
630 2064 739 2126 vix
770 2061 961 2126 ferret
996 2080 1092 2124 tot
1122 2043 1265 2125 vasa*
1295 2064 1605 2146 ingentia,
1652 2078 1750 2125 tot
1783 2084 1880 2126 res

310 2201 632 2285 Impofitas
681 2204 900 2283 capiti,
947 2220 1088 2282 quas
1117 2202 1281 2264 resto
1311 2202 1543 2264 vertice
1577 2218 1787 2283 portat

303 2305 593 2405 'Servulus
627 2339 876 2415 infelix,
924 2339 986 2402 &
1022 2339 1194 2402 cursu
1229 2342 1484 2404 ventilat
1517 2344 1742 2426 ignem.

305 2481 675 2541 Scinduntur
719 2480 959 2541 tunicae
990 2478 1221 2542 sartae:
1267 2483 1454 2544 modo
1503 2483 1686 2565 longa
1724 2449 1996 2544 coruscat

303 2619 555 2678 Sarraco
590 2618 875 2680 veniente
926 2617 1127 2692 abies,
1193 2635 1369 2697 atque
1403 2619 1587 2679 altera
1620 2621 1833 2698 pinum

300 2725 564 2818 Plaustra
596 2754 854 2831 vehunt,
890 2772 1103 2818 nutant
1120 2755 1298 2829 altae,
1327 2750 1680 2837 populoque
1699 2755 2026 2851 minantur.

299 2894 464 2957 Nam
496 2895 540 2955 fi
574 2897 949 2978 procubuit,
995 2896 1097 2974 qui
1131 2892 1268 2956 saxa
1303 2894 1619 2978 Ligustica·
1632 2865 1842 2975 portat

160 3041 166 3047 “
247 3107 250 3110 ⁵
299 3031 493 3108 Axis',
558 3033 621 3097 &
655 3034 931 3097 eversum
967 3031 1128 3095 fudit
1160 3032 1342 3116 super
1368 3034 1609 3118 agmina
1642 3050 1943 3107 montem,

298 3171 467 3254 Quid
505 3172 772 3255 superest
792 3176 867 3236 de
888 3171 1249 3257 corporibus
1269 3160 1291 3233 ’ἓ
1338 3175 1467 3254 quis
1484 3169 1782 3245 membra,
1801 3172 1932 3252 quis
1951 3167 2064 3232 offa

297 3308 581 3372 Invenit?
630 3312 934 3378 obtritum
969 3313 1137 3399 v-ulgi
1172 3315 1336 3397 perit
1369 3334 1550 3375 omne
1598 3313 1855 3375 cadaver
