2307 3873
719 252 1266 315 sATYRA
1351 252 1462 317 VI.
1891 269 1969 334 59

206 389 328 497 ⁸Vir
362 430 548 490 nollet
579 427 743 500 fieri;
789 447 927 487 nam
948 427 1230 506 quantula
1264 426 1462 487 nostra
1489 426 1799 507 voluptas!

211 569 412 651 Quale
441 568 621 627 decus
649 586 852 632 rerum
875 605 895 639 ,
940 552 982 626 si
1014 564 1292 647 conjugis
1327 566 1516 625 austio
1548 565 1678 638 fiat,

206 705 444 766 Balteus
468 743 488 778 ,
538 703 598 767 &
635 706 900 766 manicae
922 743 943 780 ,
991 704 1052 766 &
1089 705 1297 765 cristae
1314 725 1345 775 ,¹
1382 700 1683 781 crurisque
1719 702 1930 768 sinistri

208 844 563 908 Dimidium,
583 801 863 926 tegmen}
911 844 1011 905 vel
1042 842 1083 901 s1
1116 841 1348 904 diversa
1381 840 1652 906 movebit

210 981 481 1054 Praelia,
527 997 592 1042 tu
628 965 775 1042 felix
813 1002 1019 1062 ocreas
1055 982 1362 1042 vendente
1398 979 1619 1060 puella.

209 1119 344 1180 Hae
373 1117 543 1192 sunt,
592 1097 740 1198 duae
771 1122 941 1182 tenui
974 1120 1186 1181 sudant
1215 1120 1279 1179 in
1312 1119 1608 1210 cyclade,
1642 1137 1893 1198 quarum

214 1254 474 1317 Delicias
515 1255 576 1317 ὅ(
612 1257 966 1335 panniculus
1002 1254 1403 1336 bombycinus
1438 1258 1582 1316 urit.

214 1392 474 1473 Adspice
496 1428 518 1464 ,
564 1412 682 1470 quo
718 1390 963 1451 fremitu
994 1392 1355 1460 monstratos
1393 1390 1661 1470 perferat
1693 1393 1863 1468 istus,

215 1529 302 1593 Et
337 1513 553 1614 quanta
589 1531 791 1614 galeae
826 1526 1072 1590 cu'retur
1103 1528 1380 1609 pondere
1404 1505 1438 1601 ,⁸
1472 1544 1690 1608 quanta

214 1625 560 1750 Poplitibus
596 1669 836 1741 sedeat,
884 1686 1060 1747 quam
1095 1665 1276 1726 denso
1306 1665 1481 1727 fascia
1513 1666 1697 1742 libro,

217 1804 300 1867 Et
329 1808 460 1868 ride
483 1846 517 1881 r
549 1806 755 1889 positis
789 1805 1098 1890 scaphium
1146 1823 1283 1866 cum
1320 1804 1582 1877 sumitur.
1605 1787 1811 1870 arfnis.

216 1948 419 2008 Dicite
452 1969 577 2013 vos„
601 1964 812 2027 neptes
848 1946 1110 2025 Lepidi,
1161 1948 1405 2007 coecive
1443 1945 1724 2022 Metelli,

223 2084 495 2169 Gurgitis
528 2102 629 2147 aut
656 2083 869 2157 Fabii,
917 2103 1063 2163 quae
1097 2074 1262 2143 ludia
1298 2082 1570 2145 sumserit
1600 2105 1859 2164 unquam

218 2223 350 2283 Hos
382 2182 675 2284 habitus}
707 2224 943 2303 quando
977 2223 1049 2282 ad
1079 2222 1284 2302 palum
1319 2239 1522 2308 gemat
1562 2243 1718 2283 uxor
1751 2223 1988 2308 Asylli3

309 2361 564 2441 Semper
600 2340 785 2419 habet
806 2359 978 2427 ‚liteis
1000 2395 1020 2429 ,
1068 2359 1412 2436 alternaque
1444 2359 1643 2441 jurgia
1678 2362 1887 2434 lestuS,

221 2497 293 2558 In
332 2519 449 2576 quo
485 2512 672 2576 nupta
707 2492 899 2571 jacet·‚
945 2492 1270 2551 minimum¹
1302 2493 1604 2554 dormitur
1635 2497 1697 2555 in
1734 2498 1863 2559 illo.

225 2635 373 2697 Cum
411 2635 611 2719 gravis
652 2633 752 2694 illa
787 2631 965 2703 viru,
1014 2645 1155 2690 tunc
1189 2629 1340 2692 orba
1374 2616 1596 2716 tigride
1631 2633 1833 2716 pejor.

222 2770 375 2853 Cum
401 2771 631 2835 simulat
666 2771 926 2856 gemitus
961 2771 1184 2831 occulti
1224 2771 1459 2831 conscia
1494 2770 1657 2847 fasti,

227 2908 350 2971 Aut
378 2912 508 2972 odit
540 2931 764 2993 pueros
785 2948 806 2984 ,
854 2928 955 2975 aut
988 2911 1116 2972 fista
1146 2909 1367 2992 pellice
1403 2911 1606 2996 plorat

228 3046 537 3110 Uberibus
574 3048 812 3130 semper
843 3049 1123 3134 lacrymis
1148 3087 1169 3122 ,
1215 3048 1566 3133 semperque
1601 3056 1829 3133 paratis
1899 3124 1906 3131 μ

229 3183 301 3245 In
336 3185 588 3249 statione
619 3189 754 3260 sua,
801 3204 981 3270 atque
1014 3188 1488 3272 exspestantibus
1523 3192 1710 3266 illam,
1787 3228 1790 3235 ·

227 3323 378 3409 Quo
412 3323 624 3403 jubeat
655 3328 895 3392 manare
927 3328 1152 3391 modo:
1202 3346 1266 3392 tu
1302 3331 1499 3393 credis
1531 3350 1826 3415 amorem,

124 3418 127 3421 >
1719 3416 1728 3449 2
