<?xml version="1.0" encoding="UTF-8"?>
<!DOCTYPE html PUBLIC "-//W3C//DTD XHTML 1.0 Transitional//EN"
    "http://www.w3.org/TR/xhtml1/DTD/xhtml1-transitional.dtd">
<html xmlns="http://www.w3.org/1999/xhtml" xml:lang="en" lang="en">
 <head>
  <title>
</title>
<meta http-equiv="Content-Type" content="text/html;charset=utf-8" />
  <meta name='ocr-system' content='tesseract 3.04.00' />
  <meta name='ocr-capabilities' content='ocr_page ocr_carea ocr_par ocr_line ocrx_word'/>
</head>
<body>
  <div class='ocr_page' id='page_1' title='image "./djuniijuvenalis01sulpgoog_0209.png"; bbox 0 0 2307 3873; ppageno 0'>
   <div class='ocr_carea' id='block_1_1' title="bbox 686 284 1909 356">
    <p class='ocr_par' dir='ltr' id='par_1_1' title="bbox 686 284 1909 356">
     <span class='ocr_line' id='line_1_1' title="bbox 686 284 1909 356; baseline -0.003 -8"><span class='ocrx_word' id='word_1_1' title='bbox 686 284 1388 352; x_wconf 83' lang='lat' dir='ltr'>SATYRAV.</span> <span class='ocrx_word' id='word_1_2' title='bbox 1791 294 1909 356; x_wconf 86' lang='lat'>205</span> 
     </span>
    </p>
   </div>
   <div class='ocr_carea' id='block_1_2' title="bbox 172 434 1940 3299">
    <p class='ocr_par' dir='ltr' id='par_1_2' title="bbox 172 434 1909 1360">
     <span class='ocr_line' id='line_1_2' title="bbox 172 434 1767 536; baseline -0.011 -8"><span class='ocrx_word' id='word_1_3' title='bbox 172 467 382 530; x_wconf 85' lang='lat' dir='ltr'>Finem</span> <span class='ocrx_word' id='word_1_4' title='bbox 419 464 616 523; x_wconf 87' lang='lat' dir='ltr'>animo</span> <span class='ocrx_word' id='word_1_5' title='bbox 653 476 882 519; x_wconf 88' lang='lat' dir='ltr'>certum</span> <span class='ocrx_word' id='word_1_6' title='bbox 904 497 923 531; x_wconf 82' lang='grc'>,</span> <span class='ocrx_word' id='word_1_7' title='bbox 969 434 1307 536; x_wconf 81' lang='lat' dir='ltr'>miserisque</span> <span class='ocrx_word' id='word_1_8' title='bbox 1340 454 1555 515; x_wconf 85' lang='lat' dir='ltr'>viatica</span> <span class='ocrx_word' id='word_1_9' title='bbox 1592 455 1767 512; x_wconf 85' lang='lat' dir='ltr'>canis.</span> 
     </span>
     <span class='ocr_line' id='line_1_3' title="bbox 173 591 1909 693; baseline -0.011 -25"><span class='ocrx_word' id='word_1_10' title='bbox 173 604 314 668; x_wconf 85' lang='lat' dir='ltr'><strong>Cras</strong></span> <span class='ocrx_word' id='word_1_11' title='bbox 341 602 461 662; x_wconf 88' lang='lat' dir='ltr'>hoc</span> <span class='ocrx_word' id='word_1_12' title='bbox 495 602 619 660; x_wconf 83' lang='lat' dir='ltr'>fiet.</span> <span class='ocrx_word' id='word_1_13' title='bbox 668 599 835 658; x_wconf 85' lang='lat' dir='ltr'>Idem</span> <span class='ocrx_word' id='word_1_14' title='bbox 871 616 995 656; x_wconf 87' lang='lat' dir='ltr'>cras</span> <span class='ocrx_word' id='word_1_15' title='bbox 1032 598 1176 670; x_wconf 83' lang='lat' dir='ltr'>fiet,</span> <span class='ocrx_word' id='word_1_16' title='bbox 1224 595 1398 693; x_wconf 73' lang='lat' dir='ltr'>quid?</span> <span class='ocrx_word' id='word_1_17' title='bbox 1447 591 1601 691; x_wconf 64' lang='lat' dir='ltr'>quasi</span> <span class='ocrx_word' id='word_1_18' title='bbox 1632 611 1909 675; x_wconf 88' lang='lat' dir='ltr'>magnum</span> 
     </span>
     <span class='ocr_line' id='line_1_4' title="bbox 172 720 1786 821; baseline -0.009 -18"><span class='ocrx_word' id='word_1_19' title='bbox 172 742 411 821; x_wconf 83' lang='lat' dir='ltr'>Nempe</span> <span class='ocrx_word' id='word_1_20' title='bbox 450 740 611 798; x_wconf 89' lang='lat' dir='ltr'>diem</span> <span class='ocrx_word' id='word_1_21' title='bbox 642 738 864 807; x_wconf 83' lang='lat' dir='ltr'>donas,</span> <span class='ocrx_word' id='word_1_22' title='bbox 909 732 1009 793; x_wconf 89' lang='lat' dir='ltr'>sed</span> <span class='ocrx_word' id='word_1_23' title='bbox 1042 756 1174 792; x_wconf 89' lang='lat' dir='ltr'>cum</span> <span class='ocrx_word' id='word_1_24' title='bbox 1205 734 1320 792; x_wconf 70' lang='lat' dir='ltr'>lux</span> <span class='ocrx_word' id='word_1_25' title='bbox 1345 733 1527 793; x_wconf 74' lang='lat' dir='ltr'>altera</span> <span class='ocrx_word' id='word_1_26' title='bbox 1559 733 1748 802; x_wconf 89' lang='lat' dir='ltr'>venit,</span> <span class='ocrx_word' id='word_1_27' title='bbox 1777 720 1786 727; x_wconf 45' lang='grc'>“</span> 
     </span>
     <span class='ocr_line' id='line_1_5' title="bbox 173 870 1862 958; baseline -0.007 -19"><span class='ocrx_word' id='word_1_28' title='bbox 173 880 305 958; x_wconf 90' lang='lat' dir='ltr'>Jam</span> <span class='ocrx_word' id='word_1_29' title='bbox 340 894 464 936; x_wconf 90' lang='lat' dir='ltr'>cras</span> <span class='ocrx_word' id='word_1_30' title='bbox 496 872 834 934; x_wconf 87' lang='lat' dir='ltr'>hesternum</span> <span class='ocrx_word' id='word_1_31' title='bbox 867 872 1322 931; x_wconf 73' lang='lat' dir='ltr'>consumfimus:</span> <span class='ocrx_word' id='word_1_32' title='bbox 1371 892 1508 930; x_wconf 88' lang='lat' dir='ltr'>ecce</span> <span class='ocrx_word' id='word_1_33' title='bbox 1543 870 1700 928; x_wconf 87' lang='lat' dir='ltr'>aliud</span> <span class='ocrx_word' id='word_1_34' title='bbox 1736 888 1862 957; x_wconf 40' lang='lat' dir='ltr'>cr&#39;as</span> 
     </span>
     <span class='ocr_line' id='line_1_6' title="bbox 174 1009 1789 1098; baseline -0.006 -23"><span class='ocrx_word' id='word_1_35' title='bbox 174 1014 388 1098; x_wconf 85' lang='lat' dir='ltr'>Egerit</span> <span class='ocrx_word' id='word_1_36' title='bbox 414 1011 524 1071; x_wconf 88' lang='lat' dir='ltr'>hos</span> <span class='ocrx_word' id='word_1_37' title='bbox 559 1030 782 1081; x_wconf 65' lang='lat' dir='ltr'>annm,</span> <span class='ocrx_word' id='word_1_38' title='bbox 830 1009 890 1072; x_wconf 72' lang='grc' dir='ltr'>ὅ(</span> <span class='ocrx_word' id='word_1_39' title='bbox 922 1009 1153 1088; x_wconf 86' lang='lat' dir='ltr'>semper</span> <span class='ocrx_word' id='word_1_40' title='bbox 1179 1010 1420 1088; x_wconf 81' lang='lat' dir='ltr'>paulum</span> <span class='ocrx_word' id='word_1_41' title='bbox 1454 1010 1572 1067; x_wconf 86' lang='lat' dir='ltr'>erit</span> <span class='ocrx_word' id='word_1_42' title='bbox 1612 1009 1789 1068; x_wconf 87' lang='lat' dir='ltr'>ultra.</span> 
     </span>
     <span class='ocr_line' id='line_1_7' title="bbox 177 1145 1875 1228; baseline -0.004 -16"><span class='ocrx_word' id='word_1_43' title='bbox 177 1151 338 1212; x_wconf 89' lang='lat' dir='ltr'>Nam</span> <span class='ocrx_word' id='word_1_44' title='bbox 372 1151 631 1228; x_wconf 88' lang='lat' dir='ltr'>quamvis</span> <span class='ocrx_word' id='word_1_45' title='bbox 668 1168 863 1228; x_wconf 83' lang='lat' dir='ltr'>prope</span> <span class='ocrx_word' id='word_1_46' title='bbox 896 1165 955 1208; x_wconf 86' lang='lat' dir='ltr'>te</span> <span class='ocrx_word' id='word_1_47' title='bbox 978 1184 996 1218; x_wconf 88' lang='lat'>,</span> <span class='ocrx_word' id='word_1_48' title='bbox 1044 1149 1309 1223; x_wconf 90' lang='lat' dir='ltr'>quamvis</span> <span class='ocrx_word' id='word_1_49' title='bbox 1347 1165 1587 1206; x_wconf 87' lang='lat' dir='ltr'>temone</span> <span class='ocrx_word' id='word_1_50' title='bbox 1619 1145 1724 1205; x_wconf 90' lang='lat' dir='ltr'>sub</span> <span class='ocrx_word' id='word_1_51' title='bbox 1758 1168 1875 1206; x_wconf 87' lang='lat' dir='ltr'>uno</span> 
     </span>
     <span class='ocr_line' id='line_1_8' title="bbox 180 1256 1654 1360; baseline -0.009 -7"><span class='ocrx_word' id='word_1_52' title='bbox 180 1288 538 1353; x_wconf 76' lang='lat' dir='ltr'>vertentem</span> <span class='ocrx_word' id='word_1_53' title='bbox 570 1256 689 1345; x_wconf 60' lang='lat' dir='ltr'>sese</span> <span class='ocrx_word' id='word_1_54' title='bbox 712 1322 731 1356; x_wconf 81' lang='grc'>,</span> <span class='ocrx_word' id='word_1_55' title='bbox 778 1282 988 1344; x_wconf 88' lang='lat' dir='ltr'>frustra</span> <span class='ocrx_word' id='word_1_56' title='bbox 1024 1281 1317 1343; x_wconf 69' lang='lat' dir='ltr'>sestabere</span> <span class='ocrx_word' id='word_1_57' title='bbox 1351 1283 1654 1360; x_wconf 78' lang='lat' dir='ltr'><strong>canthum,</strong></span> 
     </span>
    </p>

    <p class='ocr_par' dir='ltr' id='par_1_3' title="bbox 178 1400 1928 1759">
     <span class='ocr_line' id='line_1_9' title="bbox 183 1400 1754 1512; baseline -0.003 -27"><span class='ocrx_word' id='word_1_58' title='bbox 183 1422 330 1486; x_wconf 86' lang='lat' dir='ltr'>Cum</span> <span class='ocrx_word' id='word_1_59' title='bbox 362 1400 493 1484; x_wconf 74' lang='lat' dir='ltr'>rota</span> <span class='ocrx_word' id='word_1_60' title='bbox 529 1404 824 1504; x_wconf 80' lang='lat' dir='ltr'>posterior</span> <span class='ocrx_word' id='word_1_61' title='bbox 858 1410 1052 1482; x_wconf 71' lang='lat' dir='ltr'>curras</span> <span class='ocrx_word' id='word_1_62' title='bbox 1078 1456 1097 1490; x_wconf 82' lang='lat'>‚</span> <span class='ocrx_word' id='word_1_63' title='bbox 1146 1418 1206 1482; x_wconf 85' lang='lat'>&amp;</span> <span class='ocrx_word' id='word_1_64' title='bbox 1237 1420 1300 1478; x_wconf 90' lang='lat' dir='ltr'>in</span> <span class='ocrx_word' id='word_1_65' title='bbox 1329 1438 1438 1478; x_wconf 83' lang='lat' dir='ltr'>axe</span> <span class='ocrx_word' id='word_1_66' title='bbox 1473 1419 1754 1512; x_wconf 79' lang='lat' dir='ltr'>secundo,</span> 
     </span>
     <span class='ocr_line' id='line_1_10' title="bbox 178 1558 1928 1643; baseline -0.001 -23"><span class='ocrx_word' id='word_1_67' title='bbox 178 1560 484 1623; x_wconf 85' lang='lat' dir='ltr'>Libertate</span> <span class='ocrx_word' id='word_1_68' title='bbox 514 1583 665 1643; x_wconf 88' lang='lat' dir='ltr'>opus</span> <span class='ocrx_word' id='word_1_69' title='bbox 699 1561 811 1620; x_wconf 89' lang='lat' dir='ltr'>est:</span> <span class='ocrx_word' id='word_1_70' title='bbox 860 1581 982 1619; x_wconf 91' lang='lat' dir='ltr'>non</span> <span class='ocrx_word' id='word_1_71' title='bbox 1009 1558 1159 1630; x_wconf 88' lang='lat' dir='ltr'>hac,</span> <span class='ocrx_word' id='word_1_72' title='bbox 1208 1577 1318 1638; x_wconf 88' lang='lat' dir='ltr'>qua</span> <span class='ocrx_word' id='word_1_73' title='bbox 1350 1574 1416 1618; x_wconf 88' lang='lat' dir='ltr'>ut</span> <span class='ocrx_word' id='word_1_74' title='bbox 1451 1558 1692 1638; x_wconf 89' lang='lat' dir='ltr'>quisque</span> <span class='ocrx_word' id='word_1_75' title='bbox 1717 1559 1928 1624; x_wconf 82' lang='lat' dir='ltr'>Velina</span> 
     </span>
     <span class='ocr_line' id='line_1_11' title="bbox 181 1694 1498 1759; baseline 0 -3"><span class='ocrx_word' id='word_1_76' title='bbox 181 1697 424 1757; x_wconf 85' lang='lat' dir='ltr'><strong>Publius</strong></span> <span class='ocrx_word' id='word_1_77' title='bbox 457 1700 713 1759; x_wconf 79' lang='lat' dir='ltr'>emeruit</span> <span class='ocrx_word' id='word_1_78' title='bbox 744 1696 1071 1758; x_wconf 88' lang='lat' dir='ltr'>scabiosum</span> <span class='ocrx_word' id='word_1_79' title='bbox 1105 1694 1377 1758; x_wconf 80' lang='lat' dir='ltr'>tesserula</span> <span class='ocrx_word' id='word_1_80' title='bbox 1403 1695 1498 1756; x_wconf 83' lang='lat' dir='ltr'>far</span> 
     </span>
    </p>

    <p class='ocr_par' dir='ltr' id='par_1_4' title="bbox 179 1834 1854 2891">
     <span class='ocr_line' id='line_1_12' title="bbox 179 1834 1854 1918; baseline 0.001 -22"><span class='ocrx_word' id='word_1_81' title='bbox 179 1834 457 1898; x_wconf 79' lang='lat' dir='ltr'>Poffidet.</span> <span class='ocrx_word' id='word_1_82' title='bbox 504 1838 638 1897; x_wconf 89' lang='lat' dir='ltr'>Heu</span> <span class='ocrx_word' id='word_1_83' title='bbox 676 1836 896 1898; x_wconf 86' lang='lat' dir='ltr'>steriles</span> <span class='ocrx_word' id='word_1_84' title='bbox 928 1837 1103 1907; x_wconf 82' lang='lat' dir='ltr'>veri,</span> <span class='ocrx_word' id='word_1_85' title='bbox 1144 1835 1359 1915; x_wconf 88' lang='lat' dir='ltr'>quibus</span> <span class='ocrx_word' id='word_1_86' title='bbox 1394 1856 1511 1895; x_wconf 88' lang='lat' dir='ltr'>una</span> <span class='ocrx_word' id='word_1_87' title='bbox 1548 1836 1854 1918; x_wconf 75' lang='lat' dir='ltr'>Quiritem</span> 
     </span>
     <span class='ocr_line' id='line_1_13' title="bbox 181 1950 1740 2059; baseline 0.002 -26"><span class='ocrx_word' id='word_1_88' title='bbox 181 1967 440 2056; x_wconf 84' lang='lat' dir='ltr'>Vertigo</span> <span class='ocrx_word' id='word_1_89' title='bbox 476 1950 656 2033; x_wconf 84' lang='lat' dir='ltr'>facit:</span> <span class='ocrx_word' id='word_1_90' title='bbox 702 1972 799 2032; x_wconf 84' lang='lat' dir='ltr'>hic</span> <span class='ocrx_word' id='word_1_91' title='bbox 831 1974 1021 2034; x_wconf 87' lang='lat' dir='ltr'>Dama</span> <span class='ocrx_word' id='word_1_92' title='bbox 1049 1976 1131 2034; x_wconf 89' lang='lat' dir='ltr'>est</span> <span class='ocrx_word' id='word_1_93' title='bbox 1163 1997 1288 2034; x_wconf 81' lang='lat' dir='ltr'>non</span> <span class='ocrx_word' id='word_1_94' title='bbox 1323 1975 1506 2036; x_wconf 71' lang='lat' dir='ltr'>trellis</span> <span class='ocrx_word' id='word_1_95' title='bbox 1545 1975 1740 2059; x_wconf 86' lang='lat' dir='ltr'>agas0‚</span> 
     </span>
     <span class='ocr_line' id='line_1_14' title="bbox 180 2107 1852 2192; baseline 0.001 -21"><span class='ocrx_word' id='word_1_96' title='bbox 180 2111 398 2192; x_wconf 89' lang='lat' dir='ltr'>Vappa</span> <span class='ocrx_word' id='word_1_97' title='bbox 420 2148 439 2182; x_wconf 79' lang='lat'>,</span> <span class='ocrx_word' id='word_1_98' title='bbox 486 2108 546 2173; x_wconf 70' lang='grc' dir='ltr'>δί</span> <span class='ocrx_word' id='word_1_99' title='bbox 577 2112 775 2191; x_wconf 85' lang='lat' dir='ltr'>lippus</span> <span class='ocrx_word' id='word_1_100' title='bbox 798 2147 818 2181; x_wconf 83' lang='lat'>‚</span> <span class='ocrx_word' id='word_1_101' title='bbox 866 2107 927 2170; x_wconf 86' lang='lat'>&amp;</span> <span class='ocrx_word' id='word_1_102' title='bbox 960 2109 1022 2167; x_wconf 90' lang='lat' dir='ltr'>in</span> <span class='ocrx_word' id='word_1_103' title='bbox 1053 2111 1219 2168; x_wconf 88' lang='lat' dir='ltr'>tenui</span> <span class='ocrx_word' id='word_1_104' title='bbox 1252 2107 1546 2192; x_wconf 88' lang='lat' dir='ltr'>farragine</span> <span class='ocrx_word' id='word_1_105' title='bbox 1575 2115 1852 2173; x_wconf 85' lang='lat' dir='ltr'>mendax.</span> 
     </span>
     <span class='ocr_line' id='line_1_15' title="bbox 184 2248 1816 2321; baseline 0.003 -12"><span class='ocrx_word' id='word_1_106' title='bbox 184 2249 463 2315; x_wconf 87' lang='lat' dir='ltr'>Verterit</span> <span class='ocrx_word' id='word_1_107' title='bbox 496 2248 656 2309; x_wconf 89' lang='lat' dir='ltr'>hunc</span> <span class='ocrx_word' id='word_1_108' title='bbox 686 2248 1003 2321; x_wconf 85' lang='lat' dir='ltr'>dominus,</span> <span class='ocrx_word' id='word_1_109' title='bbox 1048 2265 1360 2308; x_wconf 88' lang='lat' dir='ltr'>momento</span> <span class='ocrx_word' id='word_1_110' title='bbox 1396 2248 1650 2308; x_wconf 87' lang='lat' dir='ltr'>turbinis</span> <span class='ocrx_word' id='word_1_111' title='bbox 1687 2255 1816 2314; x_wconf 80' lang='lat' dir='ltr'>exit</span> 
     </span>
     <span class='ocr_line' id='line_1_16' title="bbox 188 2381 1847 2465; baseline 0.003 -20"><span class='ocrx_word' id='word_1_112' title='bbox 188 2383 429 2445; x_wconf 85' lang='lat' dir='ltr'>Marcus</span> <span class='ocrx_word' id='word_1_113' title='bbox 466 2386 688 2456; x_wconf 82' lang='lat' dir='ltr'>Dama,</span> <span class='ocrx_word' id='word_1_114' title='bbox 733 2389 957 2465; x_wconf 88' lang='lat' dir='ltr'>papae!</span> <span class='ocrx_word' id='word_1_115' title='bbox 1007 2381 1217 2442; x_wconf 87' lang='lat' dir='ltr'>Marco</span> <span class='ocrx_word' id='word_1_116' title='bbox 1253 2382 1583 2464; x_wconf 90' lang='lat' dir='ltr'>spondente</span> <span class='ocrx_word' id='word_1_117' title='bbox 1619 2390 1847 2451; x_wconf 84' lang='lat' dir='ltr'>recusas</span> 
     </span>
     <span class='ocr_line' id='line_1_17' title="bbox 189 2519 1777 2607; baseline 0.001 -22"><span class='ocrx_word' id='word_1_118' title='bbox 189 2521 449 2585; x_wconf 87' lang='lat' dir='ltr'>Credere</span> <span class='ocrx_word' id='word_1_119' title='bbox 484 2539 547 2583; x_wconf 90' lang='lat' dir='ltr'>tu</span> <span class='ocrx_word' id='word_1_120' title='bbox 584 2528 894 2583; x_wconf 71' lang='lat' dir='ltr'>nummos?</span> <span class='ocrx_word' id='word_1_121' title='bbox 938 2519 1152 2582; x_wconf 83' lang='lat' dir='ltr'>Marco</span> <span class='ocrx_word' id='word_1_122' title='bbox 1188 2519 1293 2581; x_wconf 91' lang='lat' dir='ltr'>sub</span> <span class='ocrx_word' id='word_1_123' title='bbox 1324 2520 1522 2602; x_wconf 79' lang='lat' dir='ltr'>judi‘ce</span> <span class='ocrx_word' id='word_1_124' title='bbox 1557 2526 1777 2607; x_wconf 77' lang='lat' dir='ltr'>palles?</span> 
     </span>
     <span class='ocr_line' id='line_1_18' title="bbox 190 2659 1748 2745; baseline 0.003 -22"><span class='ocrx_word' id='word_1_125' title='bbox 190 2659 434 2723; x_wconf 86' lang='lat' dir='ltr'>Marcus</span> <span class='ocrx_word' id='word_1_126' title='bbox 467 2662 658 2721; x_wconf 78' lang='lat' dir='ltr'>dixit:</span> <span class='ocrx_word' id='word_1_127' title='bbox 704 2663 783 2722; x_wconf 88' lang='lat' dir='ltr'>ita</span> <span class='ocrx_word' id='word_1_128' title='bbox 800 2660 934 2734; x_wconf 84' lang='lat' dir='ltr'>&#39;est,</span> <span class='ocrx_word' id='word_1_129' title='bbox 980 2661 1214 2745; x_wconf 76' lang='lat' dir='ltr'>adsigna</span> <span class='ocrx_word' id='word_1_130' title='bbox 1239 2660 1449 2722; x_wconf 89' lang='lat' dir='ltr'>Marce</span> <span class='ocrx_word' id='word_1_131' title='bbox 1484 2662 1748 2740; x_wconf 79' lang='lat' dir='ltr'>tabellas.</span> 
     </span>
     <span class='ocr_line' id='line_1_19' title="bbox 191 2797 1705 2891; baseline 0.004 -32"><span class='ocrx_word' id='word_1_132' title='bbox 191 2799 358 2860; x_wconf 88' lang='lat' dir='ltr'>Haec</span> <span class='ocrx_word' id='word_1_133' title='bbox 386 2819 548 2861; x_wconf 91' lang='lat' dir='ltr'>rnera</span> <span class='ocrx_word' id='word_1_134' title='bbox 578 2798 863 2891; x_wconf 63' lang='lat' dir='ltr'>libertas,</span> <span class='ocrx_word' id='word_1_135' title='bbox 908 2797 1026 2858; x_wconf 88' lang='lat' dir='ltr'>hoc</span> <span class='ocrx_word' id='word_1_136' title='bbox 1062 2798 1236 2858; x_wconf 87' lang='lat' dir='ltr'>nobis</span> <span class='ocrx_word' id='word_1_137' title='bbox 1269 2800 1427 2879; x_wconf 87' lang='lat' dir='ltr'>pilea</span> <span class='ocrx_word' id='word_1_138' title='bbox 1458 2801 1705 2865; x_wconf 87' lang='lat' dir='ltr'>donant.</span> 
     </span>
    </p>

    <p class='ocr_par' dir='ltr' id='par_1_5' title="bbox 194 2909 1940 3299">
     <span class='ocr_line' id='line_1_20' title="bbox 194 2909 1772 3017; baseline 0.006 -21"><span class='ocrx_word' id='word_1_139' title='bbox 194 2935 293 2997; x_wconf 92' lang='lat' dir='ltr'>An</span> <span class='ocrx_word' id='word_1_140' title='bbox 331 2936 633 3016; x_wconf 88' lang='lat' dir='ltr'>quisquam</span> <span class='ocrx_word' id='word_1_141' title='bbox 669 2937 751 2998; x_wconf 88' lang='lat' dir='ltr'>est</span> <span class='ocrx_word' id='word_1_142' title='bbox 786 2938 928 2998; x_wconf 88' lang='lat' dir='ltr'>alius</span> <span class='ocrx_word' id='word_1_143' title='bbox 957 2936 1147 3009; x_wconf 69' lang='lat' dir='ltr'>liber,</span> <span class='ocrx_word' id='word_1_144' title='bbox 1191 2938 1298 3017; x_wconf 74' lang='lat' dir='ltr'>nifi</span> <span class='ocrx_word' id='word_1_145' title='bbox 1333 2909 1554 3002; x_wconf 78' lang='lat' dir='ltr'>ducere</span> <span class='ocrx_word' id='word_1_146' title='bbox 1583 2943 1772 3006; x_wconf 84' lang='lat' dir='ltr'>vitam</span> 
     </span>
     <span class='ocr_line' id='line_1_21' title="bbox 199 3071 1940 3170; baseline 0.007 -38"><span class='ocrx_word' id='word_1_147' title='bbox 199 3071 310 3132; x_wconf 88' lang='lat' dir='ltr'>Cui</span> <span class='ocrx_word' id='word_1_148' title='bbox 340 3073 506 3149; x_wconf 86' lang='lat' dir='ltr'>licet,</span> <span class='ocrx_word' id='word_1_149' title='bbox 534 3094 601 3138; x_wconf 90' lang='lat' dir='ltr'>ut</span> <span class='ocrx_word' id='word_1_150' title='bbox 617 3078 863 3139; x_wconf 77' lang='lat' dir='ltr'>voluit?¹</span> <span class='ocrx_word' id='word_1_151' title='bbox 890 3075 1056 3148; x_wconf 81' lang='lat' dir='ltr'>licet,</span> <span class='ocrx_word' id='word_1_152' title='bbox 1090 3093 1156 3137; x_wconf 90' lang='lat' dir='ltr'>ut</span> <span class='ocrx_word' id='word_1_153' title='bbox 1174 3078 1343 3150; x_wconf 72' lang='lat' dir='ltr'>volt),</span> <span class='ocrx_word' id='word_1_154' title='bbox 1377 3081 1614 3155; x_wconf 85' lang='lat' dir='ltr'>vivere:</span> <span class='ocrx_word' id='word_1_155' title='bbox 1639 3152 1655 3170; x_wconf 89' lang='lat'><strong>.</strong></span> <span class='ocrx_word' id='word_1_156' title='bbox 1678 3107 1801 3146; x_wconf 90' lang='lat' dir='ltr'>non</span> <span class='ocrx_word' id='word_1_157' title='bbox 1837 3088 1940 3153; x_wconf 70' lang='lat' dir='ltr'>sim</span> 
     </span>
     <span class='ocr_line' id='line_1_22' title="bbox 199 3207 1616 3299; baseline 0.006 -30"><span class='ocrx_word' id='word_1_158' title='bbox 199 3208 480 3271; x_wconf 75' lang='lat' dir='ltr'>Liberior</span> <span class='ocrx_word' id='word_1_159' title='bbox 510 3207 739 3274; x_wconf 62' lang='lat' dir='ltr'>Bruto&#39;?</span> <span class='ocrx_word' id='word_1_160' title='bbox 785 3212 1065 3282; x_wconf 75' lang='lat' dir='ltr'>mendose</span> <span class='ocrx_word' id='word_1_161' title='bbox 1099 3217 1330 3299; x_wconf 84' lang='lat' dir='ltr'>colligis</span> <span class='ocrx_word' id='word_1_162' title='bbox 1352 3253 1371 3290; x_wconf 84' lang='lat'>‚</span> <span class='ocrx_word' id='word_1_163' title='bbox 1418 3219 1616 3297; x_wconf 87' lang='lat' dir='ltr'>inquit</span> 
     </span>
    </p>
   </div>
   <div class='ocr_carea' id='block_1_3' title="bbox 199 3347 1567 3425">
    <p class='ocr_par' dir='ltr' id='par_1_6' title="bbox 199 3347 1567 3425">
     <span class='ocr_line' id='line_1_23' title="bbox 199 3347 1567 3425; baseline 0.01 -20"><span class='ocrx_word' id='word_1_164' title='bbox 199 3347 436 3408; x_wconf 86' lang='lat' dir='ltr'>Stoicus</span> <span class='ocrx_word' id='word_1_165' title='bbox 468 3348 569 3410; x_wconf 90' lang='lat' dir='ltr'>hic</span> <span class='ocrx_word' id='word_1_166' title='bbox 589 3386 611 3425; x_wconf 88' lang='lat'><strong>,</strong></span> <span class='ocrx_word' id='word_1_167' title='bbox 656 3369 857 3412; x_wconf 84' lang='lat' dir='ltr'>aurem</span> <span class='ocrx_word' id='word_1_168' title='bbox 888 3351 1158 3412; x_wconf 87' lang='lat' dir='ltr'>mordaci</span> <span class='ocrx_word' id='word_1_169' title='bbox 1189 3353 1346 3415; x_wconf 83' lang='lat' dir='ltr'>lotus</span> <span class='ocrx_word' id='word_1_170' title='bbox 1377 3374 1567 3418; x_wconf 85' lang='lat' dir='ltr'>aceto.</span> 
     </span>
    </p>
   </div>
  </div>
 </body>
</html>
