2307 3873
333 316 418 396 98
624 280 626 283 ’
817 268 1680 378 JUVENAL'IS'

308 538 312 549 ,
336 482 534 566 Finge
563 495 768 540 tamen
799 470 1028 557 gladios
1065 463 1206 525 inde
1224 499 1245 535 ‚
1291 477 1470 540 atque
1497 457 1643 520 hinc
1661 420 1891 540 pulpita
1912 479 2107 543 pone:

344 618 519 706 Qum
552 618 766 677 satius?
814 622 1076 669 mortem
1114 601 1191 660 fic
1222 576 1528 679 quisquam
1550 595 1904 659 exhorruit:
1949 616 2017 658 ut
2044 598 2115 658 fit

345 760 681 840 Zelotypus
701 712 1062 831 ThymeleS‚
1108 738 1329 820 stupidi
1364 737 1594 851 collega
1626 731 1940 815 Corinthi?

342 901 470 963 Res
506 892 667 955 haud
701 887 853 948 mira
886 899 1131 951 tamen,
1196 873 1548 937 'citharoedo
1583 848 1863 956 principe
1894 871 2113 929 mimus

172 1075 179 1085 ·
343 1020 614 1103 Nobilis.
662 1030 830 1090 Haec
866 1023 1052 1092 ultra,
1093 1015 1241 1097 quid
1276 1014 1394 1076 erit
1424 1011 1532 1072 nifi
1561 1011 1772 1070 ludus?
1820 1008 1880 1071 &
1906 1010 2029 1068 illic
2087 1056 2092 1060 .

344 1174 629 1238 Dedecus
662 1164 830 1226 urbis
863 1159 1087 1229 habes;
1132 1175 1245 1216 nec
1274 1149 1658 1237 mirmilloni?
1691 1148 1752 1206 in
1787 1146 1971 1206 armis
1994 1182 2016 1213 5

339 1314 480 1379 Nec
512 1311 730 1395 clypeo
748 1298 1092 1369 Gracchum
1127 1307 1527 1379 pugnantem,
1572 1303 1675 1348 aut
1703 1282 1855 1346 falce
1876 1281 2115 1364 supina,

347 1456 641 1535 (Damnat
673 1446 833 1509 enirn
865 1439 1040 1501 taleis
1066 1432 1353 1502 habitu-⁴23
1394 1427 1496 1489 sed
1530 1427 1809 1495 damnat·,
1858 1420 1917 1483 δι
1950 1422 2112 1495 odit)

340 1593 478 1656 Nec
515 1588 683 1672 galea
715 1579 931 1641 faciem
968 1568 1283 1632 abscondit
1295 1587 1313 1636 3
1358 1576 1565 1623 movet
1585 1558 1726 1622 ecce
1757 1558 2117 1629 tridentem,

343 1726 664 1804 Postquam
696 1717 914 1776 librata
949 1703 1275 1791 pendentia
1306 1692 1460 1759 re'tia
1493 1697 1707 1756 dextra

345 1861 775 1944 Nequidquam
809 1845 1065 1916 effudit,
1110 1838 1337 1900 nudum
1372 1835 1446 1895 ad
1479 1813 1804 1914 spectacula
1839 1830 2080 1890 vultum.

348 2004 553 2089 Erigit
573 2038 594 2074 ·,
640 1993 703 2059 δι
739 2007 869 2054 tota
901 1985 1059 2069 fugit
1087 1939 1497 2064 agnoscendus
1527 1940 1725 2033 arena.
1751 1936 1754 1940 λ
2165 1930 2168 1935 .

347 2115 677 2212 Credamus
715 2129 994 2197 tunicae,
1041 2121 1115 2182 de
1144 2112 1416 2178 faucibus
1451 2130 1628 2172 aurea
1664 2124 1799 2170 cum
1844 2107 1903 2168 se

352 2283 635 2365 Porrigat
657 2312 678 2347 ‚
725 2268 1001 2349 &longo
1037 2260 1290 2340 jaaetur
1322 2251 1479 2334 spira
1515 2248 1740 2333 galero.

351 2423 522 2508 E’rgo
563 2395 965 2502 ignominiam
998 2400 1338 2488 graviorem
1376 2390 1628 2473 pertulit
1656 2387 1826 2448 omni

352 2562 629 2629 Vulnere
652 2590 672 2625 ‚
720 2553 855 2609 cur'n
891 2537 1174 2604 Graccho
1199 2530 1384 2612 xjussus
1420 2549 1688 2613 pugnare
1723 2526 1978 2586 secutor.

433 2694 658 2758 Libera
692 2687 735 2746 fi
771 2688 989 2746 dentur
1021 2672 1252 2757 populo
1285 2662 1567 2748 suffragia
1588 2698 1610 2736 ,
1630 2658 1645 2701 l
1668 2663 1795 2741 quis
1831 2677 1954 2719 tam

355 2835 636 2903 Pet-ditus
657 2867 678 2903 ‚
723 2842 793 2886 ut
822 2820 1065 2882 dubitet
1098 2813 1389 2871 Senecam
1425 2798 1731 2883 praeferre
1760 2794 2039 2867 Neroni;
2071 2829 2080 2838 ‚

360 3250 479 3313 Par
510 3236 1069 3331 Agamemnonidae
1105 3221 1370 3285 crimen:
1416 3216 1519 3278 sed
1552 3210 1738 3276 caussa
1769 3209 1916 3273 facit
1953 3231 2086 3273 rem

356 3363 775 3453 Dissimilertu¹
801 3377 1027 3456 quippe
1064 3366 1166 3426 ille
1191 3363 1344 3424 -Deit
1380 3353 1720 3421 auctoribus
1769 3351 1964 3432 ultor·
2062 3381 2074 3407 ;
2173 3341 2178 3346 ”
