2307 3873
750 246 1517 314 εΑΤΥΚΑιἏ
1947 252 2024 321 ῃ

254 431 342 496 Et
372 431 659 492 matutino
695 425 905 486 sudans
941 421 1250 507 Crispinus
1290 440 1559 491 amomo,

261 573 568 653 Quantum
602 569 707 628 vix
739 563 1017 626 redolent
1049 564 1169 623 duo
1203 559 1437 621 funera.
1484 555 1733 617 Saevior
1770 555 1874 615 illo

259 707 586 793 Pompejus
620 708 784 767 tenui
814 701 1057 787 jugulos
1091 700 1326 781 aperire
1363 692 1638 768 susurm,

251 847 330 910 Et
351 886 373 922 ‚
421 847 523 926 qui
557 842 898 906 vulturibus
935 837 1205 900 servabat
1240 837 1464 899 viscera
1499 836 1678 896 Dacis
1701 869 1724 905 ‚

250 985 472 1047 Fuscus
496 1022 516 1055 ‚
561 1000 896 1042 marmorea
928 975 1250 1038 meditatus
1286 975 1511 1057 praelia
1557 972 1733 1032 villa:

246 1120 334 1184 Et
367 1144 501 1182 cum
535 1118 854 1182 mortifero
891 1117 1155 1199 prudens
1190 1112 1458 1191 Vejento
1498 1109 1730 1172 Catullo
1755 1145 1779 1182 ‚

251 1260 393 1338 Qi,
414 1277 715 1334 nunquam
751 1252 907 1314 visae
943 1253 1232 1336 flagrabat
1273 1253 1478 1313 amore
1516 1248 1787 1329 puellae:
1868 1313 1877 1322 ,

257 1393 502 1452 Grande
524 1388 585 1451 δε
618 1386 1006 1466 conspicuum
1039 1387 1240 1444 nostro
1279 1403 1513 1461 quoque
1529 1399 1806 1460 tempore
1844 1398 2019 1440 mon-

1189 1495 1192 1502 ·
1326 1521 1544 1581 strum!

249 1665 478 1729 Coecus
510 1663 781 1724 adulator
800 1684 817 1735 ;
866 1661 1140 1741 dirusque
1177 1679 1216 1740 a¹
1241 1676 1433 1741 ponte
1466 1657 1722 1726 satelles,

242 1808 479 1889 Dignus
511 1802 795 1863 Aricinos
825 1802 925 1881 qui
960 1801 1334 1861 mendicaret
1362 1799 1436 1857 ad
1472 1799 1662 1870 axeiS,

243 1943 580 2021 Blandaque
616 1943 880 2003 devexae
913 1939 1160 2018 *jastaret
1193 1938 1345 2000 bafia
1379 1935 1625 1998 rhedae.

241 2081 446 2142 Nemo
474 2082 662 2164 magis
693 2076 1019 2139 rhombum
1041 2078 1307 2159 stupuit:
1353 2098 1490 2137 nam
1519 2076 1780 2157 plurima
1801 2070 1959 2132 dixit

240 2220 309 2279 In
339 2221 573 2281 laevum
607 2217 959 2281 conversus:
1006 2217 1192 2277 atilli
1233 2217 1443 2277 dextra
1478 2214 1715 2293 jacebat
1767 2245 1771 2250 ·

238 2354 482 2418 Bellua:
533 2357 609 2415 fic
640 2370 871 2437 pugnas
909 2351 1108 2412 Cilicis
1147 2353 1466 2422 laudabat,
1515 2351 1578 2413 &
1621 2353 1795 2421 istus,

237 2493 321 2556 Et
348 2511 566 2576 pegma
589 2529 609 2562 9
656 2489 717 2551 δε
751 2507 974 2570 pueros
1008 2487 1147 2545 inde
1184 2486 1256 2544 ad
1281 2486 1516 2544 *velaria
1554 2502 1785 2566 raptos·

238 2633 385 2694 Non
424 2630 587 2694 cedit
623 2625 926 2705 Vejento:
973 2622 1072 2684 sed
1097 2662 1116 2696 ,
1162 2641 1230 2684 ut
1266 2622 1597 2695 fanaticuS,
1644 2623 1841 2683 oestro

238 2758 545 2833 Percussus
569 2807 588 2838 ‚
636 2765 885 2828 Bellona
907 2802 926 2836 ,
974 2782 1078 2826 tuo
1098 2764 1329 2825 divinat
1348 2799 1385 2836 ‚-
1417 2760 1479 2824 ὅ(
1499 2800 1519 2836 ,
1566 2762 1777 2865 ingens

240 2908 437 2972 Omen
467 2907 652 2969 habes
675 2947 695 2980 ‚
743 2905 975 2984 inquit,
1022 2905 1251 2987 magni,
1300 2890 1561 2983 clarique
1599 2897 1922 2980 triumphi.
1953 2944 1954 2947 η

238 3047 468 3130 Regem
501 3048 756 3125 aliquem
787 3045 986 3125 capies
1009 3080 1029 3116 ,
1077 3060 1179 3104 aut
1212 3043 1287 3104 de
1324 3060 1566 3103 temone
1582 3039 1879 3101 Britanno

237 3181 497 3265 Excidet
530 3182 876 3268 Arviragus.
926 3156 1250 3266 Peregrina
1287 3180 1368 3241 est
1403 3180 1620 3241 bellua.
1712 3175 1921 3241 Cernis

234 3320 475 3388 Erestas
507 3324 771 3405 in·terga
804 3320 1011 3382 sudes?
1056 3312 1180 3381 hoc
1212 3318 1407 3381 defuit
1440 3313 1642 3380 unum‘

1179 3455 1303 3544 Ca
